%YAML 1.1
%TAG !u! tag:unity3d.com,2011:
--- !u!1 &590251905179642810
GameObject:
  m_ObjectHideFlags: 0
  m_CorrespondingSourceObject: {fileID: 0}
  m_PrefabInstance: {fileID: 0}
  m_PrefabAsset: {fileID: 0}
  serializedVersion: 6
  m_Component:
  - component: {fileID: 3006781900421007160}
  m_Layer: 5
  m_Name: Price
  m_TagString: Untagged
  m_Icon: {fileID: 0}
  m_NavMeshLayer: 0
  m_StaticEditorFlags: 0
  m_IsActive: 1
--- !u!224 &3006781900421007160
RectTransform:
  m_ObjectHideFlags: 0
  m_CorrespondingSourceObject: {fileID: 0}
  m_PrefabInstance: {fileID: 0}
  m_PrefabAsset: {fileID: 0}
  m_GameObject: {fileID: 590251905179642810}
  m_LocalRotation: {x: -0, y: -0, z: -0, w: 1}
  m_LocalPosition: {x: 0, y: 0, z: 0}
  m_LocalScale: {x: 1, y: 1, z: 1}
  m_Children:
  - {fileID: 7866718389578135339}
  m_Father: {fileID: 6011719786080753626}
  m_RootOrder: 1
  m_LocalEulerAnglesHint: {x: 0, y: 0, z: 0}
  m_AnchorMin: {x: 0, y: 0}
  m_AnchorMax: {x: 0, y: 0}
  m_AnchoredPosition: {x: 0, y: 0}
  m_SizeDelta: {x: 172.8165, y: 135.029}
  m_Pivot: {x: 0.5, y: 0.5}
--- !u!1 &1205563998705570336
GameObject:
  m_ObjectHideFlags: 0
  m_CorrespondingSourceObject: {fileID: 0}
  m_PrefabInstance: {fileID: 0}
  m_PrefabAsset: {fileID: 0}
  serializedVersion: 6
  m_Component:
  - component: {fileID: 7866718389578135339}
  - component: {fileID: 3187636982101360401}
  - component: {fileID: 4111819979822279244}
  m_Layer: 5
  m_Name: PriceText
  m_TagString: Untagged
  m_Icon: {fileID: 0}
  m_NavMeshLayer: 0
  m_StaticEditorFlags: 0
  m_IsActive: 1
--- !u!224 &7866718389578135339
RectTransform:
  m_ObjectHideFlags: 0
  m_CorrespondingSourceObject: {fileID: 0}
  m_PrefabInstance: {fileID: 0}
  m_PrefabAsset: {fileID: 0}
  m_GameObject: {fileID: 1205563998705570336}
  m_LocalRotation: {x: -0, y: -0, z: -0, w: 1}
  m_LocalPosition: {x: 0, y: 0, z: 0}
  m_LocalScale: {x: 1, y: 1, z: 1}
  m_Children: []
  m_Father: {fileID: 3006781900421007160}
  m_RootOrder: 0
  m_LocalEulerAnglesHint: {x: 0, y: 0, z: 0}
  m_AnchorMin: {x: 0.5, y: 0.5}
  m_AnchorMax: {x: 0.5, y: 0.5}
  m_AnchoredPosition: {x: 8.95, y: 0}
  m_SizeDelta: {x: 149.547, y: 48.67501}
  m_Pivot: {x: 0.5, y: 0.5}
--- !u!222 &3187636982101360401
CanvasRenderer:
  m_ObjectHideFlags: 0
  m_CorrespondingSourceObject: {fileID: 0}
  m_PrefabInstance: {fileID: 0}
  m_PrefabAsset: {fileID: 0}
  m_GameObject: {fileID: 1205563998705570336}
  m_CullTransparentMesh: 1
--- !u!114 &4111819979822279244
MonoBehaviour:
  m_ObjectHideFlags: 0
  m_CorrespondingSourceObject: {fileID: 0}
  m_PrefabInstance: {fileID: 0}
  m_PrefabAsset: {fileID: 0}
  m_GameObject: {fileID: 1205563998705570336}
  m_Enabled: 1
  m_EditorHideFlags: 0
  m_Script: {fileID: 11500000, guid: f4688fdb7df04437aeb418b961361dc5, type: 3}
  m_Name: 
  m_EditorClassIdentifier: 
  m_Material: {fileID: 0}
  m_Color: {r: 1, g: 1, b: 1, a: 1}
  m_RaycastTarget: 0
  m_RaycastPadding: {x: 0, y: 0, z: 0, w: 0}
  m_Maskable: 1
  m_OnCullStateChanged:
    m_PersistentCalls:
      m_Calls: []
  m_text: 5,49$
  m_isRightToLeft: 0
  m_fontAsset: {fileID: 11400000, guid: 92bbcf9797df6cd498f7973814f2f56f, type: 2}
  m_sharedMaterial: {fileID: 2100000, guid: 4c9232c9d49b31a4f8fe68b9d5fb916f, type: 2}
  m_fontSharedMaterials: []
  m_fontMaterial: {fileID: 0}
  m_fontMaterials: []
  m_fontColor32:
    serializedVersion: 2
    rgba: 4294967295
  m_fontColor: {r: 1, g: 1, b: 1, a: 1}
  m_enableVertexGradient: 0
  m_colorMode: 3
  m_fontColorGradient:
    topLeft: {r: 1, g: 1, b: 1, a: 1}
    topRight: {r: 1, g: 1, b: 1, a: 1}
    bottomLeft: {r: 1, g: 1, b: 1, a: 1}
    bottomRight: {r: 1, g: 1, b: 1, a: 1}
  m_fontColorGradientPreset: {fileID: 0}
  m_spriteAsset: {fileID: 0}
  m_tintAllSprites: 0
  m_StyleSheet: {fileID: 0}
  m_TextStyleHashCode: -1183493901
  m_overrideHtmlColors: 0
  m_faceColor:
    serializedVersion: 2
    rgba: 4294967295
  m_fontSize: 48.65
  m_fontSizeBase: 24
  m_fontWeight: 400
  m_enableAutoSizing: 1
  m_fontSizeMin: 18
  m_fontSizeMax: 72
  m_fontStyle: 0
  m_HorizontalAlignment: 2
  m_VerticalAlignment: 512
  m_textAlignment: 65535
  m_characterSpacing: 0
  m_wordSpacing: 0
  m_lineSpacing: 0
  m_lineSpacingMax: 0
  m_paragraphSpacing: 0
  m_charWidthMaxAdj: 0
  m_enableWordWrapping: 1
  m_wordWrappingRatios: 0.4
  m_overflowMode: 0
  m_linkedTextComponent: {fileID: 0}
  parentLinkedComponent: {fileID: 0}
  m_enableKerning: 1
  m_enableExtraPadding: 0
  checkPaddingRequired: 0
  m_isRichText: 1
  m_parseCtrlCharacters: 1
  m_isOrthographic: 1
  m_isCullingEnabled: 0
  m_horizontalMapping: 0
  m_verticalMapping: 0
  m_uvLineOffset: 0
  m_geometrySortingOrder: 0
  m_IsTextObjectScaleStatic: 0
  m_VertexBufferAutoSizeReduction: 1
  m_useMaxVisibleDescender: 1
  m_pageToDisplay: 1
  m_margin: {x: 0, y: 0, z: 0, w: 0}
  m_isUsingLegacyAnimationComponent: 0
  m_isVolumetricText: 0
  m_hasFontAssetChanged: 0
  m_baseMaterial: {fileID: 0}
  m_maskOffset: {x: 0, y: 0, z: 0, w: 0}
--- !u!1 &1663299891475134982
GameObject:
  m_ObjectHideFlags: 0
  m_CorrespondingSourceObject: {fileID: 0}
  m_PrefabInstance: {fileID: 0}
  m_PrefabAsset: {fileID: 0}
  serializedVersion: 6
  m_Component:
  - component: {fileID: 7016217325294814411}
  - component: {fileID: 1257156554252138509}
  - component: {fileID: 6107415210211296607}
  m_Layer: 5
  m_Name: Stripe
  m_TagString: Untagged
  m_Icon: {fileID: 0}
  m_NavMeshLayer: 0
  m_StaticEditorFlags: 0
  m_IsActive: 1
--- !u!224 &7016217325294814411
RectTransform:
  m_ObjectHideFlags: 0
  m_CorrespondingSourceObject: {fileID: 0}
  m_PrefabInstance: {fileID: 0}
  m_PrefabAsset: {fileID: 0}
  m_GameObject: {fileID: 1663299891475134982}
  m_LocalRotation: {x: -0, y: -0, z: -0, w: 1}
  m_LocalPosition: {x: 0, y: 0, z: 0}
  m_LocalScale: {x: 1, y: 1, z: 1}
  m_Children:
  - {fileID: 4893054002423033419}
  m_Father: {fileID: 7628839406740488879}
  m_RootOrder: 2
  m_LocalEulerAnglesHint: {x: 0, y: 0, z: 0}
  m_AnchorMin: {x: 1, y: 1}
  m_AnchorMax: {x: 1, y: 1}
  m_AnchoredPosition: {x: -212.485, y: -384}
  m_SizeDelta: {x: 495.69, y: 148.488}
  m_Pivot: {x: 0.5, y: 0.5}
--- !u!222 &1257156554252138509
CanvasRenderer:
  m_ObjectHideFlags: 0
  m_CorrespondingSourceObject: {fileID: 0}
  m_PrefabInstance: {fileID: 0}
  m_PrefabAsset: {fileID: 0}
  m_GameObject: {fileID: 1663299891475134982}
  m_CullTransparentMesh: 1
--- !u!114 &6107415210211296607
MonoBehaviour:
  m_ObjectHideFlags: 0
  m_CorrespondingSourceObject: {fileID: 0}
  m_PrefabInstance: {fileID: 0}
  m_PrefabAsset: {fileID: 0}
  m_GameObject: {fileID: 1663299891475134982}
  m_Enabled: 1
  m_EditorHideFlags: 0
  m_Script: {fileID: 11500000, guid: fe87c0e1cc204ed48ad3b37840f39efc, type: 3}
  m_Name: 
  m_EditorClassIdentifier: 
  m_Material: {fileID: 0}
  m_Color: {r: 1, g: 1, b: 1, a: 1}
  m_RaycastTarget: 1
  m_RaycastPadding: {x: 0, y: 0, z: 0, w: 0}
  m_Maskable: 1
  m_OnCullStateChanged:
    m_PersistentCalls:
      m_Calls: []
  m_Sprite: {fileID: 21300000, guid: 105d15fc8ef64834fba1cfdbf41b008f, type: 3}
  m_Type: 0
  m_PreserveAspect: 1
  m_FillCenter: 1
  m_FillMethod: 4
  m_FillAmount: 1
  m_FillClockwise: 1
  m_FillOrigin: 0
  m_UseSpriteMesh: 0
  m_PixelsPerUnitMultiplier: 1
--- !u!1 &2580768450256046500
GameObject:
  m_ObjectHideFlags: 0
  m_CorrespondingSourceObject: {fileID: 0}
  m_PrefabInstance: {fileID: 0}
  m_PrefabAsset: {fileID: 0}
  serializedVersion: 6
  m_Component:
  - component: {fileID: 3872041728487883303}
  - component: {fileID: 3290254194400748645}
  m_Layer: 5
  m_Name: Grid
  m_TagString: Untagged
  m_Icon: {fileID: 0}
  m_NavMeshLayer: 0
  m_StaticEditorFlags: 0
  m_IsActive: 1
--- !u!224 &3872041728487883303
RectTransform:
  m_ObjectHideFlags: 0
  m_CorrespondingSourceObject: {fileID: 0}
  m_PrefabInstance: {fileID: 0}
  m_PrefabAsset: {fileID: 0}
  m_GameObject: {fileID: 2580768450256046500}
  m_LocalRotation: {x: 0, y: 0, z: 0, w: 1}
  m_LocalPosition: {x: 0, y: 0, z: 0}
  m_LocalScale: {x: 1, y: 1, z: 1}
  m_Children:
  - {fileID: 7009708568384007277}
  - {fileID: 8757431238814087504}
  - {fileID: 4502351076497974043}
  - {fileID: 2149139221980916207}
  m_Father: {fileID: 2910737111553077398}
  m_RootOrder: 0
  m_LocalEulerAnglesHint: {x: 0, y: 0, z: 0}
  m_AnchorMin: {x: 0, y: 0}
  m_AnchorMax: {x: 1, y: 1}
  m_AnchoredPosition: {x: 0, y: 0}
  m_SizeDelta: {x: 0, y: 0}
  m_Pivot: {x: 0.5, y: 0.5}
--- !u!114 &3290254194400748645
MonoBehaviour:
  m_ObjectHideFlags: 0
  m_CorrespondingSourceObject: {fileID: 0}
  m_PrefabInstance: {fileID: 0}
  m_PrefabAsset: {fileID: 0}
  m_GameObject: {fileID: 2580768450256046500}
  m_Enabled: 1
  m_EditorHideFlags: 0
  m_Script: {fileID: 11500000, guid: 59f8146938fff824cb5fd77236b75775, type: 3}
  m_Name: 
  m_EditorClassIdentifier: 
  m_Padding:
    m_Left: 0
    m_Right: 0
    m_Top: 0
    m_Bottom: 0
  m_ChildAlignment: 4
  m_Spacing: 0
  m_ChildForceExpandWidth: 1
  m_ChildForceExpandHeight: 1
  m_ChildControlWidth: 0
  m_ChildControlHeight: 0
  m_ChildScaleWidth: 0
  m_ChildScaleHeight: 0
  m_ReverseArrangement: 0
--- !u!1 &2792434464855645157
GameObject:
  m_ObjectHideFlags: 0
  m_CorrespondingSourceObject: {fileID: 0}
  m_PrefabInstance: {fileID: 0}
  m_PrefabAsset: {fileID: 0}
  serializedVersion: 6
  m_Component:
  - component: {fileID: 8694565066648704598}
  - component: {fileID: 1411050141167944786}
  - component: {fileID: 6359160380906862466}
  m_Layer: 5
  m_Name: Text
  m_TagString: Untagged
  m_Icon: {fileID: 0}
  m_NavMeshLayer: 0
  m_StaticEditorFlags: 0
  m_IsActive: 1
--- !u!224 &8694565066648704598
RectTransform:
  m_ObjectHideFlags: 0
  m_CorrespondingSourceObject: {fileID: 0}
  m_PrefabInstance: {fileID: 0}
  m_PrefabAsset: {fileID: 0}
  m_GameObject: {fileID: 2792434464855645157}
  m_LocalRotation: {x: -0, y: -0, z: 0.117717996, w: 0.99304706}
  m_LocalPosition: {x: 0, y: 0, z: 0}
  m_LocalScale: {x: 1, y: 1, z: 1}
  m_Children: []
  m_Father: {fileID: 325706419038969490}
  m_RootOrder: 0
  m_LocalEulerAnglesHint: {x: 0, y: 0, z: 13.521}
  m_AnchorMin: {x: 0.5, y: 0.5}
  m_AnchorMax: {x: 0.5, y: 0.5}
  m_AnchoredPosition: {x: 1.7, y: -1.3}
  m_SizeDelta: {x: 89.81, y: 61.305}
  m_Pivot: {x: 0.5, y: 0.5}
--- !u!222 &1411050141167944786
CanvasRenderer:
  m_ObjectHideFlags: 0
  m_CorrespondingSourceObject: {fileID: 0}
  m_PrefabInstance: {fileID: 0}
  m_PrefabAsset: {fileID: 0}
  m_GameObject: {fileID: 2792434464855645157}
  m_CullTransparentMesh: 1
--- !u!114 &6359160380906862466
MonoBehaviour:
  m_ObjectHideFlags: 0
  m_CorrespondingSourceObject: {fileID: 0}
  m_PrefabInstance: {fileID: 0}
  m_PrefabAsset: {fileID: 0}
  m_GameObject: {fileID: 2792434464855645157}
  m_Enabled: 1
  m_EditorHideFlags: 0
  m_Script: {fileID: 11500000, guid: f4688fdb7df04437aeb418b961361dc5, type: 3}
  m_Name: 
  m_EditorClassIdentifier: 
  m_Material: {fileID: 0}
  m_Color: {r: 1, g: 1, b: 1, a: 1}
  m_RaycastTarget: 0
  m_RaycastPadding: {x: 0, y: 0, z: 0, w: 0}
  m_Maskable: 1
  m_OnCullStateChanged:
    m_PersistentCalls:
      m_Calls: []
  m_text: +50%
  m_isRightToLeft: 0
  m_fontAsset: {fileID: 11400000, guid: 92bbcf9797df6cd498f7973814f2f56f, type: 2}
  m_sharedMaterial: {fileID: 2100000, guid: 4c9232c9d49b31a4f8fe68b9d5fb916f, type: 2}
  m_fontSharedMaterials: []
  m_fontMaterial: {fileID: 0}
  m_fontMaterials: []
  m_fontColor32:
    serializedVersion: 2
    rgba: 4294967295
  m_fontColor: {r: 1, g: 1, b: 1, a: 1}
  m_enableVertexGradient: 0
  m_colorMode: 3
  m_fontColorGradient:
    topLeft: {r: 1, g: 1, b: 1, a: 1}
    topRight: {r: 1, g: 1, b: 1, a: 1}
    bottomLeft: {r: 1, g: 1, b: 1, a: 1}
    bottomRight: {r: 1, g: 1, b: 1, a: 1}
  m_fontColorGradientPreset: {fileID: 0}
  m_spriteAsset: {fileID: 0}
  m_tintAllSprites: 0
  m_StyleSheet: {fileID: 0}
  m_TextStyleHashCode: -1183493901
  m_overrideHtmlColors: 0
  m_faceColor:
    serializedVersion: 2
    rgba: 4294967295
  m_fontSize: 32.45
  m_fontSizeBase: 36
  m_fontWeight: 400
  m_enableAutoSizing: 1
  m_fontSizeMin: 18
  m_fontSizeMax: 72
  m_fontStyle: 0
  m_HorizontalAlignment: 2
  m_VerticalAlignment: 512
  m_textAlignment: 65535
  m_characterSpacing: 0
  m_wordSpacing: 0
  m_lineSpacing: 0
  m_lineSpacingMax: 0
  m_paragraphSpacing: 0
  m_charWidthMaxAdj: 0
  m_enableWordWrapping: 1
  m_wordWrappingRatios: 0.4
  m_overflowMode: 0
  m_linkedTextComponent: {fileID: 0}
  parentLinkedComponent: {fileID: 0}
  m_enableKerning: 1
  m_enableExtraPadding: 0
  checkPaddingRequired: 0
  m_isRichText: 1
  m_parseCtrlCharacters: 1
  m_isOrthographic: 1
  m_isCullingEnabled: 0
  m_horizontalMapping: 0
  m_verticalMapping: 0
  m_uvLineOffset: 0
  m_geometrySortingOrder: 0
  m_IsTextObjectScaleStatic: 0
  m_VertexBufferAutoSizeReduction: 1
  m_useMaxVisibleDescender: 1
  m_pageToDisplay: 1
  m_margin: {x: 0, y: 0, z: 0, w: 0}
  m_isUsingLegacyAnimationComponent: 0
  m_isVolumetricText: 0
  m_hasFontAssetChanged: 0
  m_baseMaterial: {fileID: 0}
  m_maskOffset: {x: 0, y: 0, z: 0, w: 0}
--- !u!1 &2911591661070405842
GameObject:
  m_ObjectHideFlags: 0
  m_CorrespondingSourceObject: {fileID: 0}
  m_PrefabInstance: {fileID: 0}
  m_PrefabAsset: {fileID: 0}
  serializedVersion: 6
  m_Component:
  - component: {fileID: 2355393992245256279}
  - component: {fileID: 323697740503520208}
  - component: {fileID: 5495674402776776875}
  m_Layer: 5
  m_Name: OldPriceIcon
  m_TagString: Untagged
  m_Icon: {fileID: 0}
  m_NavMeshLayer: 0
  m_StaticEditorFlags: 0
  m_IsActive: 1
--- !u!224 &2355393992245256279
RectTransform:
  m_ObjectHideFlags: 0
  m_CorrespondingSourceObject: {fileID: 0}
  m_PrefabInstance: {fileID: 0}
  m_PrefabAsset: {fileID: 0}
  m_GameObject: {fileID: 2911591661070405842}
  m_LocalRotation: {x: -0, y: -0, z: -0, w: 1}
  m_LocalPosition: {x: 0, y: 0, z: 0}
  m_LocalScale: {x: 1.000032, y: 1.000032, z: 1.000032}
  m_Children: []
  m_Father: {fileID: 7945157217321045350}
  m_RootOrder: 1
  m_LocalEulerAnglesHint: {x: 0, y: 0, z: 0}
  m_AnchorMin: {x: 0.5, y: 0.5}
  m_AnchorMax: {x: 0.5, y: 0.5}
  m_AnchoredPosition: {x: 0, y: 0}
  m_SizeDelta: {x: 120.34, y: 34.091}
  m_Pivot: {x: 0.5, y: 0.5}
--- !u!222 &323697740503520208
CanvasRenderer:
  m_ObjectHideFlags: 0
  m_CorrespondingSourceObject: {fileID: 0}
  m_PrefabInstance: {fileID: 0}
  m_PrefabAsset: {fileID: 0}
  m_GameObject: {fileID: 2911591661070405842}
  m_CullTransparentMesh: 1
--- !u!114 &5495674402776776875
MonoBehaviour:
  m_ObjectHideFlags: 0
  m_CorrespondingSourceObject: {fileID: 0}
  m_PrefabInstance: {fileID: 0}
  m_PrefabAsset: {fileID: 0}
  m_GameObject: {fileID: 2911591661070405842}
  m_Enabled: 1
  m_EditorHideFlags: 0
  m_Script: {fileID: 11500000, guid: fe87c0e1cc204ed48ad3b37840f39efc, type: 3}
  m_Name: 
  m_EditorClassIdentifier: 
  m_Material: {fileID: 0}
  m_Color: {r: 1, g: 1, b: 1, a: 1}
  m_RaycastTarget: 1
  m_RaycastPadding: {x: 0, y: 0, z: 0, w: 0}
  m_Maskable: 1
  m_OnCullStateChanged:
    m_PersistentCalls:
      m_Calls: []
  m_Sprite: {fileID: 21300000, guid: cd787f56ea4f2c141bca04c9e77c79a5, type: 3}
  m_Type: 0
  m_PreserveAspect: 1
  m_FillCenter: 1
  m_FillMethod: 4
  m_FillAmount: 1
  m_FillClockwise: 1
  m_FillOrigin: 0
  m_UseSpriteMesh: 0
  m_PixelsPerUnitMultiplier: 1
--- !u!1 &4640388800290239089
GameObject:
  m_ObjectHideFlags: 0
  m_CorrespondingSourceObject: {fileID: 0}
  m_PrefabInstance: {fileID: 0}
  m_PrefabAsset: {fileID: 0}
  serializedVersion: 6
  m_Component:
  - component: {fileID: 1909117243860531509}
  - component: {fileID: 8388770827080729333}
  - component: {fileID: 7347500903651305234}
  m_Layer: 5
  m_Name: OldPriceText
  m_TagString: Untagged
  m_Icon: {fileID: 0}
  m_NavMeshLayer: 0
  m_StaticEditorFlags: 0
  m_IsActive: 1
--- !u!224 &1909117243860531509
RectTransform:
  m_ObjectHideFlags: 0
  m_CorrespondingSourceObject: {fileID: 0}
  m_PrefabInstance: {fileID: 0}
  m_PrefabAsset: {fileID: 0}
  m_GameObject: {fileID: 4640388800290239089}
  m_LocalRotation: {x: -0, y: -0, z: -0, w: 1}
  m_LocalPosition: {x: 0, y: 0, z: 0}
  m_LocalScale: {x: 1, y: 1, z: 1}
  m_Children: []
  m_Father: {fileID: 7945157217321045350}
  m_RootOrder: 0
  m_LocalEulerAnglesHint: {x: 0, y: 0, z: 0}
  m_AnchorMin: {x: 0.5, y: 0.5}
  m_AnchorMax: {x: 0.5, y: 0.5}
  m_AnchoredPosition: {x: 0, y: 0}
  m_SizeDelta: {x: 266.6045, y: 38.112007}
  m_Pivot: {x: 0.5, y: 0.5}
--- !u!222 &8388770827080729333
CanvasRenderer:
  m_ObjectHideFlags: 0
  m_CorrespondingSourceObject: {fileID: 0}
  m_PrefabInstance: {fileID: 0}
  m_PrefabAsset: {fileID: 0}
  m_GameObject: {fileID: 4640388800290239089}
  m_CullTransparentMesh: 1
--- !u!114 &7347500903651305234
MonoBehaviour:
  m_ObjectHideFlags: 0
  m_CorrespondingSourceObject: {fileID: 0}
  m_PrefabInstance: {fileID: 0}
  m_PrefabAsset: {fileID: 0}
  m_GameObject: {fileID: 4640388800290239089}
  m_Enabled: 1
  m_EditorHideFlags: 0
  m_Script: {fileID: 11500000, guid: f4688fdb7df04437aeb418b961361dc5, type: 3}
  m_Name: 
  m_EditorClassIdentifier: 
  m_Material: {fileID: 0}
  m_Color: {r: 1, g: 1, b: 1, a: 1}
  m_RaycastTarget: 0
  m_RaycastPadding: {x: 0, y: 0, z: 0, w: 0}
  m_Maskable: 1
  m_OnCullStateChanged:
    m_PersistentCalls:
      m_Calls: []
  m_text: 15,49$
  m_isRightToLeft: 0
  m_fontAsset: {fileID: 11400000, guid: 92bbcf9797df6cd498f7973814f2f56f, type: 2}
  m_sharedMaterial: {fileID: 2100000, guid: 4c9232c9d49b31a4f8fe68b9d5fb916f, type: 2}
  m_fontSharedMaterials: []
  m_fontMaterial: {fileID: 0}
  m_fontMaterials: []
  m_fontColor32:
    serializedVersion: 2
    rgba: 4294967295
  m_fontColor: {r: 1, g: 1, b: 1, a: 1}
  m_enableVertexGradient: 0
  m_colorMode: 3
  m_fontColorGradient:
    topLeft: {r: 1, g: 1, b: 1, a: 1}
    topRight: {r: 1, g: 1, b: 1, a: 1}
    bottomLeft: {r: 1, g: 1, b: 1, a: 1}
    bottomRight: {r: 1, g: 1, b: 1, a: 1}
  m_fontColorGradientPreset: {fileID: 0}
  m_spriteAsset: {fileID: 0}
  m_tintAllSprites: 0
  m_StyleSheet: {fileID: 0}
  m_TextStyleHashCode: -1183493901
  m_overrideHtmlColors: 0
  m_faceColor:
    serializedVersion: 2
    rgba: 4294967295
  m_fontSize: 38.1
  m_fontSizeBase: 24
  m_fontWeight: 400
  m_enableAutoSizing: 1
  m_fontSizeMin: 18
  m_fontSizeMax: 72
  m_fontStyle: 0
  m_HorizontalAlignment: 2
  m_VerticalAlignment: 512
  m_textAlignment: 65535
  m_characterSpacing: 0
  m_wordSpacing: 0
  m_lineSpacing: 0
  m_lineSpacingMax: 0
  m_paragraphSpacing: 0
  m_charWidthMaxAdj: 0
  m_enableWordWrapping: 1
  m_wordWrappingRatios: 0.4
  m_overflowMode: 0
  m_linkedTextComponent: {fileID: 0}
  parentLinkedComponent: {fileID: 0}
  m_enableKerning: 1
  m_enableExtraPadding: 0
  checkPaddingRequired: 0
  m_isRichText: 1
  m_parseCtrlCharacters: 1
  m_isOrthographic: 1
  m_isCullingEnabled: 0
  m_horizontalMapping: 0
  m_verticalMapping: 0
  m_uvLineOffset: 0
  m_geometrySortingOrder: 0
  m_IsTextObjectScaleStatic: 0
  m_VertexBufferAutoSizeReduction: 1
  m_useMaxVisibleDescender: 1
  m_pageToDisplay: 1
  m_margin: {x: 0, y: 0, z: 0, w: 0}
  m_isUsingLegacyAnimationComponent: 0
  m_isVolumetricText: 0
  m_hasFontAssetChanged: 0
  m_baseMaterial: {fileID: 0}
  m_maskOffset: {x: 0, y: 0, z: 0, w: 0}
--- !u!1 &4912477290236919150
GameObject:
  m_ObjectHideFlags: 0
  m_CorrespondingSourceObject: {fileID: 0}
  m_PrefabInstance: {fileID: 0}
  m_PrefabAsset: {fileID: 0}
  serializedVersion: 6
  m_Component:
  - component: {fileID: 325706419038969490}
  - component: {fileID: 8954684152808835574}
  - component: {fileID: 6691962476073419579}
  m_Layer: 5
  m_Name: BonusMark
  m_TagString: Untagged
  m_Icon: {fileID: 0}
  m_NavMeshLayer: 0
  m_StaticEditorFlags: 0
  m_IsActive: 0
--- !u!224 &325706419038969490
RectTransform:
  m_ObjectHideFlags: 0
  m_CorrespondingSourceObject: {fileID: 0}
  m_PrefabInstance: {fileID: 0}
  m_PrefabAsset: {fileID: 0}
  m_GameObject: {fileID: 4912477290236919150}
  m_LocalRotation: {x: -0, y: -0, z: -0, w: 1}
  m_LocalPosition: {x: 0, y: 0, z: 0}
  m_LocalScale: {x: 1, y: 1, z: 1}
  m_Children:
  - {fileID: 8694565066648704598}
  m_Father: {fileID: 7628839406740488879}
  m_RootOrder: 1
  m_LocalEulerAnglesHint: {x: 0, y: 0, z: 0}
  m_AnchorMin: {x: 1, y: 1}
  m_AnchorMax: {x: 1, y: 1}
  m_AnchoredPosition: {x: -32.091003, y: -44.59497}
  m_SizeDelta: {x: 134.902, y: 125.17}
  m_Pivot: {x: 0.5, y: 0.5}
--- !u!222 &8954684152808835574
CanvasRenderer:
  m_ObjectHideFlags: 0
  m_CorrespondingSourceObject: {fileID: 0}
  m_PrefabInstance: {fileID: 0}
  m_PrefabAsset: {fileID: 0}
  m_GameObject: {fileID: 4912477290236919150}
  m_CullTransparentMesh: 1
--- !u!114 &6691962476073419579
MonoBehaviour:
  m_ObjectHideFlags: 0
  m_CorrespondingSourceObject: {fileID: 0}
  m_PrefabInstance: {fileID: 0}
  m_PrefabAsset: {fileID: 0}
  m_GameObject: {fileID: 4912477290236919150}
  m_Enabled: 1
  m_EditorHideFlags: 0
  m_Script: {fileID: 11500000, guid: fe87c0e1cc204ed48ad3b37840f39efc, type: 3}
  m_Name: 
  m_EditorClassIdentifier: 
  m_Material: {fileID: 0}
  m_Color: {r: 1, g: 1, b: 1, a: 1}
  m_RaycastTarget: 1
  m_RaycastPadding: {x: 0, y: 0, z: 0, w: 0}
  m_Maskable: 1
  m_OnCullStateChanged:
    m_PersistentCalls:
      m_Calls: []
  m_Sprite: {fileID: 21300000, guid: 3b3e1b2d921fac64e84f9c74a2b2805c, type: 3}
  m_Type: 0
  m_PreserveAspect: 1
  m_FillCenter: 1
  m_FillMethod: 4
  m_FillAmount: 1
  m_FillClockwise: 1
  m_FillOrigin: 0
  m_UseSpriteMesh: 0
  m_PixelsPerUnitMultiplier: 1
--- !u!1 &5061051094511689625
GameObject:
  m_ObjectHideFlags: 0
  m_CorrespondingSourceObject: {fileID: 0}
  m_PrefabInstance: {fileID: 0}
  m_PrefabAsset: {fileID: 0}
  serializedVersion: 6
  m_Component:
  - component: {fileID: 8838756328959504431}
  - component: {fileID: 8994970077304529634}
  - component: {fileID: 8910165609267657900}
  - component: {fileID: 8359914374216231058}
  m_Layer: 5
  m_Name: Button
  m_TagString: Untagged
  m_Icon: {fileID: 0}
  m_NavMeshLayer: 0
  m_StaticEditorFlags: 0
  m_IsActive: 1
--- !u!224 &8838756328959504431
RectTransform:
  m_ObjectHideFlags: 0
  m_CorrespondingSourceObject: {fileID: 0}
  m_PrefabInstance: {fileID: 0}
  m_PrefabAsset: {fileID: 0}
  m_GameObject: {fileID: 5061051094511689625}
  m_LocalRotation: {x: 0, y: 0, z: 0, w: 1}
  m_LocalPosition: {x: 0, y: 0, z: 0}
  m_LocalScale: {x: 1, y: 1, z: 1}
  m_Children:
  - {fileID: 6011719786080753626}
  m_Father: {fileID: 7628839406740488879}
  m_RootOrder: 6
  m_LocalEulerAnglesHint: {x: 0, y: 0, z: 0}
  m_AnchorMin: {x: 0.5, y: 0.5}
  m_AnchorMax: {x: 0.5, y: 0.5}
  m_AnchoredPosition: {x: -0.00063095, y: -349.002}
  m_SizeDelta: {x: 345.633, y: 135.029}
  m_Pivot: {x: 0.5, y: 0.5}
--- !u!222 &8994970077304529634
CanvasRenderer:
  m_ObjectHideFlags: 0
  m_CorrespondingSourceObject: {fileID: 0}
  m_PrefabInstance: {fileID: 0}
  m_PrefabAsset: {fileID: 0}
  m_GameObject: {fileID: 5061051094511689625}
  m_CullTransparentMesh: 1
--- !u!114 &8910165609267657900
MonoBehaviour:
  m_ObjectHideFlags: 0
  m_CorrespondingSourceObject: {fileID: 0}
  m_PrefabInstance: {fileID: 0}
  m_PrefabAsset: {fileID: 0}
  m_GameObject: {fileID: 5061051094511689625}
  m_Enabled: 1
  m_EditorHideFlags: 0
  m_Script: {fileID: 11500000, guid: fe87c0e1cc204ed48ad3b37840f39efc, type: 3}
  m_Name: 
  m_EditorClassIdentifier: 
  m_Material: {fileID: 0}
  m_Color: {r: 1, g: 1, b: 1, a: 1}
  m_RaycastTarget: 1
  m_RaycastPadding: {x: 0, y: 0, z: 0, w: 0}
  m_Maskable: 1
  m_OnCullStateChanged:
    m_PersistentCalls:
      m_Calls: []
  m_Sprite: {fileID: 21300000, guid: f93cb6b17809b8a4db65312755eda812, type: 3}
  m_Type: 1
  m_PreserveAspect: 0
  m_FillCenter: 1
  m_FillMethod: 4
  m_FillAmount: 1
  m_FillClockwise: 1
  m_FillOrigin: 0
  m_UseSpriteMesh: 0
  m_PixelsPerUnitMultiplier: 1
--- !u!114 &8359914374216231058
MonoBehaviour:
  m_ObjectHideFlags: 0
  m_CorrespondingSourceObject: {fileID: 0}
  m_PrefabInstance: {fileID: 0}
  m_PrefabAsset: {fileID: 0}
  m_GameObject: {fileID: 5061051094511689625}
  m_Enabled: 1
  m_EditorHideFlags: 0
  m_Script: {fileID: 11500000, guid: 4e29b1a8efbd4b44bb3f3716e73f07ff, type: 3}
  m_Name: 
  m_EditorClassIdentifier: 
  m_Navigation:
    m_Mode: 3
    m_WrapAround: 0
    m_SelectOnUp: {fileID: 0}
    m_SelectOnDown: {fileID: 0}
    m_SelectOnLeft: {fileID: 0}
    m_SelectOnRight: {fileID: 0}
  m_Transition: 1
  m_Colors:
    m_NormalColor: {r: 1, g: 1, b: 1, a: 1}
    m_HighlightedColor: {r: 0.9607843, g: 0.9607843, b: 0.9607843, a: 1}
    m_PressedColor: {r: 0.78431374, g: 0.78431374, b: 0.78431374, a: 1}
    m_SelectedColor: {r: 0.9607843, g: 0.9607843, b: 0.9607843, a: 1}
    m_DisabledColor: {r: 0.78431374, g: 0.78431374, b: 0.78431374, a: 0.5019608}
    m_ColorMultiplier: 1
    m_FadeDuration: 0.1
  m_SpriteState:
    m_HighlightedSprite: {fileID: 0}
    m_PressedSprite: {fileID: 0}
    m_SelectedSprite: {fileID: 0}
    m_DisabledSprite: {fileID: 0}
  m_AnimationTriggers:
    m_NormalTrigger: Normal
    m_HighlightedTrigger: Highlighted
    m_PressedTrigger: Pressed
    m_SelectedTrigger: Selected
    m_DisabledTrigger: Disabled
  m_Interactable: 1
  m_TargetGraphic: {fileID: 8910165609267657900}
  m_OnClick:
    m_PersistentCalls:
      m_Calls:
      - m_Target: {fileID: 7788932911603018161}
        m_TargetAssemblyTypeName: NanoReality.GameLogic.Bank.BankOfferView, NanoReality
        m_MethodName: OnPurchaseHandle
        m_Mode: 1
        m_Arguments:
          m_ObjectArgument: {fileID: 0}
          m_ObjectArgumentAssemblyTypeName: UnityEngine.Object, UnityEngine
          m_IntArgument: 0
          m_FloatArgument: 0
          m_StringArgument: 
          m_BoolArgument: 0
        m_CallState: 2
--- !u!1 &5686233640407360838
GameObject:
  m_ObjectHideFlags: 0
  m_CorrespondingSourceObject: {fileID: 0}
  m_PrefabInstance: {fileID: 0}
  m_PrefabAsset: {fileID: 0}
  serializedVersion: 6
  m_Component:
  - component: {fileID: 7945157217321045350}
  m_Layer: 5
  m_Name: OldPrice
  m_TagString: Untagged
  m_Icon: {fileID: 0}
  m_NavMeshLayer: 0
  m_StaticEditorFlags: 0
  m_IsActive: 0
--- !u!224 &7945157217321045350
RectTransform:
  m_ObjectHideFlags: 0
  m_CorrespondingSourceObject: {fileID: 0}
  m_PrefabInstance: {fileID: 0}
  m_PrefabAsset: {fileID: 0}
  m_GameObject: {fileID: 5686233640407360838}
  m_LocalRotation: {x: -0, y: -0, z: -0, w: 1}
  m_LocalPosition: {x: 0, y: 0, z: 0}
  m_LocalScale: {x: 1, y: 1, z: 1}
  m_Children:
  - {fileID: 1909117243860531509}
  - {fileID: 2355393992245256279}
  m_Father: {fileID: 6011719786080753626}
  m_RootOrder: 0
  m_LocalEulerAnglesHint: {x: 0, y: 0, z: 0}
  m_AnchorMin: {x: 0, y: 1}
  m_AnchorMax: {x: 0, y: 1}
  m_AnchoredPosition: {x: 54.40825, y: -50.29185}
  m_SizeDelta: {x: 172.8165, y: 135.029}
  m_Pivot: {x: 0.5, y: 0.5}
--- !u!1 &5787891702025613609
GameObject:
  m_ObjectHideFlags: 0
  m_CorrespondingSourceObject: {fileID: 0}
  m_PrefabInstance: {fileID: 0}
  m_PrefabAsset: {fileID: 0}
  serializedVersion: 6
  m_Component:
  - component: {fileID: 2136678095957647127}
  - component: {fileID: 7751252173752049212}
  - component: {fileID: 6739583663903445374}
  m_Layer: 5
  m_Name: Glow
  m_TagString: Untagged
  m_Icon: {fileID: 0}
  m_NavMeshLayer: 0
  m_StaticEditorFlags: 0
  m_IsActive: 1
--- !u!224 &2136678095957647127
RectTransform:
  m_ObjectHideFlags: 0
  m_CorrespondingSourceObject: {fileID: 0}
  m_PrefabInstance: {fileID: 0}
  m_PrefabAsset: {fileID: 0}
  m_GameObject: {fileID: 5787891702025613609}
  m_LocalRotation: {x: -0, y: -0, z: -0, w: 1}
  m_LocalPosition: {x: 0, y: 0, z: 0}
  m_LocalScale: {x: 1, y: 1, z: 1}
  m_Children: []
  m_Father: {fileID: 7628839406740488879}
  m_RootOrder: 3
  m_LocalEulerAnglesHint: {x: 0, y: 0, z: 0}
  m_AnchorMin: {x: 1, y: 1}
  m_AnchorMax: {x: 1, y: 1}
  m_AnchoredPosition: {x: -218.08995, y: -189}
  m_SizeDelta: {x: 330.517, y: 345.202}
  m_Pivot: {x: 0.5, y: 0.5}
--- !u!222 &7751252173752049212
CanvasRenderer:
  m_ObjectHideFlags: 0
  m_CorrespondingSourceObject: {fileID: 0}
  m_PrefabInstance: {fileID: 0}
  m_PrefabAsset: {fileID: 0}
  m_GameObject: {fileID: 5787891702025613609}
  m_CullTransparentMesh: 1
--- !u!114 &6739583663903445374
MonoBehaviour:
  m_ObjectHideFlags: 0
  m_CorrespondingSourceObject: {fileID: 0}
  m_PrefabInstance: {fileID: 0}
  m_PrefabAsset: {fileID: 0}
  m_GameObject: {fileID: 5787891702025613609}
  m_Enabled: 1
  m_EditorHideFlags: 0
  m_Script: {fileID: 11500000, guid: 1bec08cde6a1e534480fc200c1fd208c, type: 3}
  m_Name: 
  m_EditorClassIdentifier: 
  m_Material: {fileID: 0}
  m_Color: {r: 1, g: 1, b: 1, a: 1}
  m_RaycastTarget: 1
  m_RaycastPadding: {x: 0, y: 0, z: 0, w: 0}
  m_Maskable: 1
  m_OnCullStateChanged:
    m_PersistentCalls:
      m_Calls: []
  m_Sprite: {fileID: 21300000, guid: 4922ff8bf39da0f44a9d893d0bd70b82, type: 3}
  m_Type: 0
  m_PreserveAspect: 0
  m_FillCenter: 1
  m_FillMethod: 4
  m_FillAmount: 1
  m_FillClockwise: 1
  m_FillOrigin: 0
  m_UseSpriteMesh: 0
  m_PixelsPerUnitMultiplier: 1
  m_MirrorType: 3
  m_FlipType: 0
--- !u!1 &6442643204648486356
GameObject:
  m_ObjectHideFlags: 0
  m_CorrespondingSourceObject: {fileID: 0}
  m_PrefabInstance: {fileID: 0}
  m_PrefabAsset: {fileID: 0}
  serializedVersion: 6
  m_Component:
  - component: {fileID: 6285311220742203846}
  - component: {fileID: 8803871349491744058}
  - component: {fileID: 1797925055924615431}
  m_Layer: 5
  m_Name: Background
  m_TagString: Untagged
  m_Icon: {fileID: 0}
  m_NavMeshLayer: 0
  m_StaticEditorFlags: 0
  m_IsActive: 1
--- !u!224 &6285311220742203846
RectTransform:
  m_ObjectHideFlags: 0
  m_CorrespondingSourceObject: {fileID: 0}
  m_PrefabInstance: {fileID: 0}
  m_PrefabAsset: {fileID: 0}
  m_GameObject: {fileID: 6442643204648486356}
  m_LocalRotation: {x: -0, y: -0, z: -0, w: 1}
  m_LocalPosition: {x: 0, y: 0, z: 0}
  m_LocalScale: {x: 1, y: 1, z: 1}
  m_Children: []
  m_Father: {fileID: 7628839406740488879}
  m_RootOrder: 0
  m_LocalEulerAnglesHint: {x: 0, y: 0, z: 0}
  m_AnchorMin: {x: 0, y: 0}
  m_AnchorMax: {x: 1, y: 1}
  m_AnchoredPosition: {x: 0, y: -5.8524475}
  m_SizeDelta: {x: 34.799995, y: 29.244913}
  m_Pivot: {x: 0.5, y: 0.5}
--- !u!222 &8803871349491744058
CanvasRenderer:
  m_ObjectHideFlags: 0
  m_CorrespondingSourceObject: {fileID: 0}
  m_PrefabInstance: {fileID: 0}
  m_PrefabAsset: {fileID: 0}
  m_GameObject: {fileID: 6442643204648486356}
  m_CullTransparentMesh: 1
--- !u!114 &1797925055924615431
MonoBehaviour:
  m_ObjectHideFlags: 0
  m_CorrespondingSourceObject: {fileID: 0}
  m_PrefabInstance: {fileID: 0}
  m_PrefabAsset: {fileID: 0}
  m_GameObject: {fileID: 6442643204648486356}
  m_Enabled: 1
  m_EditorHideFlags: 0
  m_Script: {fileID: 11500000, guid: fe87c0e1cc204ed48ad3b37840f39efc, type: 3}
  m_Name: 
  m_EditorClassIdentifier: 
  m_Material: {fileID: 0}
  m_Color: {r: 1, g: 1, b: 1, a: 1}
  m_RaycastTarget: 1
  m_RaycastPadding: {x: 0, y: 0, z: 0, w: 0}
  m_Maskable: 1
  m_OnCullStateChanged:
    m_PersistentCalls:
      m_Calls: []
  m_Sprite: {fileID: 21300000, guid: a8ea192ec062cff459d791e92f20db55, type: 3}
  m_Type: 1
  m_PreserveAspect: 0
  m_FillCenter: 1
  m_FillMethod: 4
  m_FillAmount: 1
  m_FillClockwise: 1
  m_FillOrigin: 0
  m_UseSpriteMesh: 0
  m_PixelsPerUnitMultiplier: 1
--- !u!1 &6708950254419501774
GameObject:
  m_ObjectHideFlags: 0
  m_CorrespondingSourceObject: {fileID: 0}
  m_PrefabInstance: {fileID: 0}
  m_PrefabAsset: {fileID: 0}
  serializedVersion: 6
  m_Component:
  - component: {fileID: 2442411343437055556}
  - component: {fileID: 5809480936759746936}
  - component: {fileID: 3941342432405398765}
  m_Layer: 5
  m_Name: PackageIcon
  m_TagString: Untagged
  m_Icon: {fileID: 0}
  m_NavMeshLayer: 0
  m_StaticEditorFlags: 0
  m_IsActive: 1
--- !u!224 &2442411343437055556
RectTransform:
  m_ObjectHideFlags: 0
  m_CorrespondingSourceObject: {fileID: 0}
  m_PrefabInstance: {fileID: 0}
  m_PrefabAsset: {fileID: 0}
  m_GameObject: {fileID: 6708950254419501774}
  m_LocalRotation: {x: -0, y: -0, z: -0, w: 1}
  m_LocalPosition: {x: 0, y: 0, z: 0}
  m_LocalScale: {x: 1, y: 1, z: 1}
  m_Children: []
  m_Father: {fileID: 7628839406740488879}
  m_RootOrder: 4
  m_LocalEulerAnglesHint: {x: 0, y: 0, z: 0}
  m_AnchorMin: {x: 1, y: 1}
  m_AnchorMax: {x: 1, y: 1}
  m_AnchoredPosition: {x: -222.02, y: -189}
  m_SizeDelta: {x: 300.061, y: 289.076}
  m_Pivot: {x: 0.5, y: 0.5}
--- !u!222 &5809480936759746936
CanvasRenderer:
  m_ObjectHideFlags: 0
  m_CorrespondingSourceObject: {fileID: 0}
  m_PrefabInstance: {fileID: 0}
  m_PrefabAsset: {fileID: 0}
  m_GameObject: {fileID: 6708950254419501774}
  m_CullTransparentMesh: 1
--- !u!114 &3941342432405398765
MonoBehaviour:
  m_ObjectHideFlags: 0
  m_CorrespondingSourceObject: {fileID: 0}
  m_PrefabInstance: {fileID: 0}
  m_PrefabAsset: {fileID: 0}
  m_GameObject: {fileID: 6708950254419501774}
  m_Enabled: 1
  m_EditorHideFlags: 0
  m_Script: {fileID: 11500000, guid: fe87c0e1cc204ed48ad3b37840f39efc, type: 3}
  m_Name: 
  m_EditorClassIdentifier: 
  m_Material: {fileID: 0}
  m_Color: {r: 1, g: 1, b: 1, a: 1}
  m_RaycastTarget: 1
  m_RaycastPadding: {x: 0, y: 0, z: 0, w: 0}
  m_Maskable: 1
  m_OnCullStateChanged:
    m_PersistentCalls:
      m_Calls: []
  m_Sprite: {fileID: 21300000, guid: b1b8a55be6c497047af79f94cd73c242, type: 3}
  m_Type: 0
  m_PreserveAspect: 1
  m_FillCenter: 1
  m_FillMethod: 4
  m_FillAmount: 1
  m_FillClockwise: 1
  m_FillOrigin: 0
  m_UseSpriteMesh: 0
  m_PixelsPerUnitMultiplier: 1
--- !u!1 &7000327590391918603
GameObject:
  m_ObjectHideFlags: 0
  m_CorrespondingSourceObject: {fileID: 0}
  m_PrefabInstance: {fileID: 0}
  m_PrefabAsset: {fileID: 0}
  serializedVersion: 6
  m_Component:
  - component: {fileID: 6011719786080753626}
  - component: {fileID: 7842356314045916358}
  m_Layer: 5
  m_Name: Grid
  m_TagString: Untagged
  m_Icon: {fileID: 0}
  m_NavMeshLayer: 0
  m_StaticEditorFlags: 0
  m_IsActive: 1
--- !u!224 &6011719786080753626
RectTransform:
  m_ObjectHideFlags: 0
  m_CorrespondingSourceObject: {fileID: 0}
  m_PrefabInstance: {fileID: 0}
  m_PrefabAsset: {fileID: 0}
  m_GameObject: {fileID: 7000327590391918603}
  m_LocalRotation: {x: 0, y: 0, z: 0, w: 1}
  m_LocalPosition: {x: 0, y: 0, z: 0}
  m_LocalScale: {x: 1, y: 1, z: 1}
  m_Children:
  - {fileID: 7945157217321045350}
  - {fileID: 3006781900421007160}
  m_Father: {fileID: 8838756328959504431}
  m_RootOrder: 0
  m_LocalEulerAnglesHint: {x: 0, y: 0, z: 0}
  m_AnchorMin: {x: 0.5, y: 0.5}
  m_AnchorMax: {x: 0.5, y: 0.5}
  m_AnchoredPosition: {x: 2.7894, y: 0}
  m_SizeDelta: {x: 279.9633, y: 100.5837}
  m_Pivot: {x: 0.5, y: 0.5}
--- !u!114 &7842356314045916358
MonoBehaviour:
  m_ObjectHideFlags: 0
  m_CorrespondingSourceObject: {fileID: 0}
  m_PrefabInstance: {fileID: 0}
  m_PrefabAsset: {fileID: 0}
  m_GameObject: {fileID: 7000327590391918603}
  m_Enabled: 1
  m_EditorHideFlags: 0
  m_Script: {fileID: 11500000, guid: 30649d3a9faa99c48a7b1166b86bf2a0, type: 3}
  m_Name: 
  m_EditorClassIdentifier: 
  m_Padding:
    m_Left: -32
    m_Right: 0
    m_Top: 0
    m_Bottom: 0
  m_ChildAlignment: 4
  m_Spacing: -22.83
  m_ChildForceExpandWidth: 1
  m_ChildForceExpandHeight: 1
  m_ChildControlWidth: 0
  m_ChildControlHeight: 0
  m_ChildScaleWidth: 0
  m_ChildScaleHeight: 0
  m_ReverseArrangement: 0
--- !u!1 &8053486760818341217
GameObject:
  m_ObjectHideFlags: 0
  m_CorrespondingSourceObject: {fileID: 0}
  m_PrefabInstance: {fileID: 0}
  m_PrefabAsset: {fileID: 0}
  serializedVersion: 6
  m_Component:
  - component: {fileID: 2910737111553077398}
  - component: {fileID: 7750316531945032851}
  m_Layer: 5
  m_Name: PackageContent
  m_TagString: Untagged
  m_Icon: {fileID: 0}
  m_NavMeshLayer: 0
  m_StaticEditorFlags: 0
  m_IsActive: 1
--- !u!224 &2910737111553077398
RectTransform:
  m_ObjectHideFlags: 0
  m_CorrespondingSourceObject: {fileID: 0}
  m_PrefabInstance: {fileID: 0}
  m_PrefabAsset: {fileID: 0}
  m_GameObject: {fileID: 8053486760818341217}
  m_LocalRotation: {x: -0, y: -0, z: -0, w: 1}
  m_LocalPosition: {x: 0, y: 0, z: 0}
  m_LocalScale: {x: 1, y: 1, z: 1}
  m_Children:
  - {fileID: 3872041728487883303}
  m_Father: {fileID: 7628839406740488879}
  m_RootOrder: 5
  m_LocalEulerAnglesHint: {x: 0, y: 0, z: 0}
  m_AnchorMin: {x: 0.5, y: 0}
  m_AnchorMax: {x: 0.5, y: 0}
  m_AnchoredPosition: {x: 0, y: 311.22778}
  m_SizeDelta: {x: 310, y: 307.705}
  m_Pivot: {x: 0.5, y: 0.5}
--- !u!222 &7750316531945032851
CanvasRenderer:
  m_ObjectHideFlags: 0
  m_CorrespondingSourceObject: {fileID: 0}
  m_PrefabInstance: {fileID: 0}
  m_PrefabAsset: {fileID: 0}
  m_GameObject: {fileID: 8053486760818341217}
  m_CullTransparentMesh: 1
--- !u!1 &8540444835492185231
GameObject:
  m_ObjectHideFlags: 0
  m_CorrespondingSourceObject: {fileID: 0}
  m_PrefabInstance: {fileID: 0}
  m_PrefabAsset: {fileID: 0}
  serializedVersion: 6
  m_Component:
  - component: {fileID: 7628839406740488879}
  - component: {fileID: 5600950640327799932}
  - component: {fileID: 7788932911603018161}
  m_Layer: 5
  m_Name: OfferItemStyle_0
  m_TagString: Untagged
  m_Icon: {fileID: 0}
  m_NavMeshLayer: 0
  m_StaticEditorFlags: 0
  m_IsActive: 1
--- !u!224 &7628839406740488879
RectTransform:
  m_ObjectHideFlags: 0
  m_CorrespondingSourceObject: {fileID: 0}
  m_PrefabInstance: {fileID: 0}
  m_PrefabAsset: {fileID: 0}
  m_GameObject: {fileID: 8540444835492185231}
  m_LocalRotation: {x: -0, y: -0, z: -0, w: 1}
  m_LocalPosition: {x: 0, y: 0, z: 0}
  m_LocalScale: {x: 1, y: 1, z: 1}
  m_Children:
  - {fileID: 6285311220742203846}
  - {fileID: 325706419038969490}
  - {fileID: 7016217325294814411}
  - {fileID: 2136678095957647127}
  - {fileID: 2442411343437055556}
  - {fileID: 2910737111553077398}
  - {fileID: 8838756328959504431}
  - {fileID: 1795354450144194765}
  m_Father: {fileID: 0}
  m_RootOrder: 0
  m_LocalEulerAnglesHint: {x: 0, y: 0, z: 0}
  m_AnchorMin: {x: 0, y: 0}
  m_AnchorMax: {x: 0, y: 0}
  m_AnchoredPosition: {x: 0, y: 0}
  m_SizeDelta: {x: 424, y: 898}
  m_Pivot: {x: 0.5, y: 0.5}
--- !u!222 &5600950640327799932
CanvasRenderer:
  m_ObjectHideFlags: 0
  m_CorrespondingSourceObject: {fileID: 0}
  m_PrefabInstance: {fileID: 0}
  m_PrefabAsset: {fileID: 0}
  m_GameObject: {fileID: 8540444835492185231}
  m_CullTransparentMesh: 1
--- !u!114 &7788932911603018161
MonoBehaviour:
  m_ObjectHideFlags: 0
  m_CorrespondingSourceObject: {fileID: 0}
  m_PrefabInstance: {fileID: 0}
  m_PrefabAsset: {fileID: 0}
  m_GameObject: {fileID: 8540444835492185231}
  m_Enabled: 1
  m_EditorHideFlags: 0
  m_Script: {fileID: 11500000, guid: 97d7695880654954583e78a01cb3c95f, type: 3}
  m_Name: 
  m_EditorClassIdentifier: 
  _icon: {fileID: 3941342432405398765}
  _discountGameObject: {fileID: 4912477290236919150}
  _oldPriceGameObject: {fileID: 5686233640407360838}
  _timerGameObject: {fileID: 5161815165540480019}
  _discountText: {fileID: 6359160380906862466}
  _name: {fileID: 5923801607669843200}
  _price: {fileID: 4111819979822279244}
  _oldPrice: {fileID: 7347500903651305234}
  _timerText: {fileID: 193243476727425592}
  _rewards:
  - {fileID: 2012007332737313126}
  - {fileID: 226252690432179291}
  - {fileID: 4958738877310428688}
  - {fileID: 7455758058896731364}
--- !u!1 &9118103317971205396
GameObject:
  m_ObjectHideFlags: 0
  m_CorrespondingSourceObject: {fileID: 0}
  m_PrefabInstance: {fileID: 0}
  m_PrefabAsset: {fileID: 0}
  serializedVersion: 6
  m_Component:
  - component: {fileID: 4893054002423033419}
  - component: {fileID: 946348673941452769}
  - component: {fileID: 5923801607669843200}
  m_Layer: 5
  m_Name: Text
  m_TagString: Untagged
  m_Icon: {fileID: 0}
  m_NavMeshLayer: 0
  m_StaticEditorFlags: 0
  m_IsActive: 1
--- !u!224 &4893054002423033419
RectTransform:
  m_ObjectHideFlags: 0
  m_CorrespondingSourceObject: {fileID: 0}
  m_PrefabInstance: {fileID: 0}
  m_PrefabAsset: {fileID: 0}
  m_GameObject: {fileID: 9118103317971205396}
  m_LocalRotation: {x: -0, y: -0, z: -0, w: 1}
  m_LocalPosition: {x: 0, y: 0, z: 0}
  m_LocalScale: {x: 1, y: 1, z: 1}
  m_Children: []
  m_Father: {fileID: 7016217325294814411}
  m_RootOrder: 0
  m_LocalEulerAnglesHint: {x: 0, y: 0, z: 0}
  m_AnchorMin: {x: 0.5, y: 0.5}
  m_AnchorMax: {x: 0.5, y: 0.5}
  m_AnchoredPosition: {x: 0, y: 12.651}
  m_SizeDelta: {x: 420.533, y: 60.289}
  m_Pivot: {x: 0.5, y: 0.5}
--- !u!222 &946348673941452769
CanvasRenderer:
  m_ObjectHideFlags: 0
  m_CorrespondingSourceObject: {fileID: 0}
  m_PrefabInstance: {fileID: 0}
  m_PrefabAsset: {fileID: 0}
  m_GameObject: {fileID: 9118103317971205396}
  m_CullTransparentMesh: 1
--- !u!114 &5923801607669843200
MonoBehaviour:
  m_ObjectHideFlags: 0
  m_CorrespondingSourceObject: {fileID: 0}
  m_PrefabInstance: {fileID: 0}
  m_PrefabAsset: {fileID: 0}
  m_GameObject: {fileID: 9118103317971205396}
  m_Enabled: 1
  m_EditorHideFlags: 0
  m_Script: {fileID: 11500000, guid: f4688fdb7df04437aeb418b961361dc5, type: 3}
  m_Name: 
  m_EditorClassIdentifier: 
  m_Material: {fileID: 0}
  m_Color: {r: 1, g: 1, b: 1, a: 1}
  m_RaycastTarget: 0
  m_RaycastPadding: {x: 0, y: 0, z: 0, w: 0}
  m_Maskable: 1
  m_OnCullStateChanged:
    m_PersistentCalls:
      m_Calls: []
  m_text: Small Warehouse Package
  m_isRightToLeft: 0
  m_fontAsset: {fileID: 11400000, guid: 92bbcf9797df6cd498f7973814f2f56f, type: 2}
  m_sharedMaterial: {fileID: 2100000, guid: 4c9232c9d49b31a4f8fe68b9d5fb916f, type: 2}
  m_fontSharedMaterials: []
  m_fontMaterial: {fileID: 0}
  m_fontMaterials: []
  m_fontColor32:
    serializedVersion: 2
    rgba: 4294967295
  m_fontColor: {r: 1, g: 1, b: 1, a: 1}
  m_enableVertexGradient: 0
  m_colorMode: 3
  m_fontColorGradient:
    topLeft: {r: 1, g: 1, b: 1, a: 1}
    topRight: {r: 1, g: 1, b: 1, a: 1}
    bottomLeft: {r: 1, g: 1, b: 1, a: 1}
    bottomRight: {r: 1, g: 1, b: 1, a: 1}
  m_fontColorGradientPreset: {fileID: 0}
  m_spriteAsset: {fileID: 0}
  m_tintAllSprites: 0
  m_StyleSheet: {fileID: 0}
  m_TextStyleHashCode: -1183493901
  m_overrideHtmlColors: 0
  m_faceColor:
    serializedVersion: 2
    rgba: 4294967295
  m_fontSize: 32.85
  m_fontSizeBase: 36
  m_fontWeight: 400
  m_enableAutoSizing: 1
  m_fontSizeMin: 18
  m_fontSizeMax: 72
  m_fontStyle: 0
  m_HorizontalAlignment: 2
  m_VerticalAlignment: 512
  m_textAlignment: 65535
  m_characterSpacing: 0
  m_wordSpacing: 0
  m_lineSpacing: 0
  m_lineSpacingMax: 0
  m_paragraphSpacing: 0
  m_charWidthMaxAdj: 0
  m_enableWordWrapping: 1
  m_wordWrappingRatios: 0.4
  m_overflowMode: 0
  m_linkedTextComponent: {fileID: 0}
  parentLinkedComponent: {fileID: 0}
  m_enableKerning: 1
  m_enableExtraPadding: 0
  checkPaddingRequired: 0
  m_isRichText: 1
  m_parseCtrlCharacters: 1
  m_isOrthographic: 1
  m_isCullingEnabled: 0
  m_horizontalMapping: 0
  m_verticalMapping: 0
  m_uvLineOffset: 0
  m_geometrySortingOrder: 0
  m_IsTextObjectScaleStatic: 0
  m_VertexBufferAutoSizeReduction: 1
  m_useMaxVisibleDescender: 1
  m_pageToDisplay: 1
  m_margin: {x: 0, y: 0, z: 0, w: 0}
  m_isUsingLegacyAnimationComponent: 0
  m_isVolumetricText: 0
  m_hasFontAssetChanged: 0
  m_baseMaterial: {fileID: 0}
  m_maskOffset: {x: 0, y: 0, z: 0, w: 0}
--- !u!1001 &257702768158206658
PrefabInstance:
  m_ObjectHideFlags: 0
  serializedVersion: 2
  m_Modification:
    m_TransformParent: {fileID: 3872041728487883303}
    m_Modifications:
    - target: {fileID: 525925639539985331, guid: 3fe594b9c5ba1b24db3cf071821ffca7,
        type: 3}
      propertyPath: m_text
      value: 
      objectReference: {fileID: 0}
    - target: {fileID: 1665223645909991299, guid: 3fe594b9c5ba1b24db3cf071821ffca7,
        type: 3}
      propertyPath: m_Name
      value: PackageItemMoney
      objectReference: {fileID: 0}
    - target: {fileID: 1665223645909991299, guid: 3fe594b9c5ba1b24db3cf071821ffca7,
        type: 3}
      propertyPath: m_IsActive
      value: 0
      objectReference: {fileID: 0}
    - target: {fileID: 2114159968501741491, guid: 3fe594b9c5ba1b24db3cf071821ffca7,
        type: 3}
      propertyPath: m_AnchoredPosition.y
      value: -2.9
      objectReference: {fileID: 0}
    - target: {fileID: 6371510350065097952, guid: 3fe594b9c5ba1b24db3cf071821ffca7,
        type: 3}
      propertyPath: m_SizeDelta.x
      value: -5
      objectReference: {fileID: 0}
    - target: {fileID: 6371510350065097952, guid: 3fe594b9c5ba1b24db3cf071821ffca7,
        type: 3}
      propertyPath: m_AnchoredPosition.x
      value: 2.5
      objectReference: {fileID: 0}
    - target: {fileID: 7121589042797217455, guid: 3fe594b9c5ba1b24db3cf071821ffca7,
        type: 3}
      propertyPath: m_Pivot.x
      value: 0.5
      objectReference: {fileID: 0}
    - target: {fileID: 7121589042797217455, guid: 3fe594b9c5ba1b24db3cf071821ffca7,
        type: 3}
      propertyPath: m_Pivot.y
      value: 0.5
      objectReference: {fileID: 0}
    - target: {fileID: 7121589042797217455, guid: 3fe594b9c5ba1b24db3cf071821ffca7,
        type: 3}
      propertyPath: m_RootOrder
      value: 0
      objectReference: {fileID: 0}
    - target: {fileID: 7121589042797217455, guid: 3fe594b9c5ba1b24db3cf071821ffca7,
        type: 3}
      propertyPath: m_AnchorMax.x
      value: 0
      objectReference: {fileID: 0}
    - target: {fileID: 7121589042797217455, guid: 3fe594b9c5ba1b24db3cf071821ffca7,
        type: 3}
      propertyPath: m_AnchorMax.y
      value: 1
      objectReference: {fileID: 0}
    - target: {fileID: 7121589042797217455, guid: 3fe594b9c5ba1b24db3cf071821ffca7,
        type: 3}
      propertyPath: m_AnchorMin.x
      value: 0
      objectReference: {fileID: 0}
    - target: {fileID: 7121589042797217455, guid: 3fe594b9c5ba1b24db3cf071821ffca7,
        type: 3}
      propertyPath: m_AnchorMin.y
      value: 1
      objectReference: {fileID: 0}
    - target: {fileID: 7121589042797217455, guid: 3fe594b9c5ba1b24db3cf071821ffca7,
        type: 3}
      propertyPath: m_SizeDelta.x
      value: 236.121
      objectReference: {fileID: 0}
    - target: {fileID: 7121589042797217455, guid: 3fe594b9c5ba1b24db3cf071821ffca7,
        type: 3}
      propertyPath: m_SizeDelta.y
      value: 64
      objectReference: {fileID: 0}
    - target: {fileID: 7121589042797217455, guid: 3fe594b9c5ba1b24db3cf071821ffca7,
        type: 3}
      propertyPath: m_LocalPosition.x
      value: 0
      objectReference: {fileID: 0}
    - target: {fileID: 7121589042797217455, guid: 3fe594b9c5ba1b24db3cf071821ffca7,
        type: 3}
      propertyPath: m_LocalPosition.y
      value: 0
      objectReference: {fileID: 0}
    - target: {fileID: 7121589042797217455, guid: 3fe594b9c5ba1b24db3cf071821ffca7,
        type: 3}
      propertyPath: m_LocalPosition.z
      value: 0
      objectReference: {fileID: 0}
    - target: {fileID: 7121589042797217455, guid: 3fe594b9c5ba1b24db3cf071821ffca7,
        type: 3}
      propertyPath: m_LocalRotation.w
      value: 1
      objectReference: {fileID: 0}
    - target: {fileID: 7121589042797217455, guid: 3fe594b9c5ba1b24db3cf071821ffca7,
        type: 3}
      propertyPath: m_LocalRotation.x
      value: -0
      objectReference: {fileID: 0}
    - target: {fileID: 7121589042797217455, guid: 3fe594b9c5ba1b24db3cf071821ffca7,
        type: 3}
      propertyPath: m_LocalRotation.y
      value: -0
      objectReference: {fileID: 0}
    - target: {fileID: 7121589042797217455, guid: 3fe594b9c5ba1b24db3cf071821ffca7,
        type: 3}
      propertyPath: m_LocalRotation.z
      value: -0
      objectReference: {fileID: 0}
    - target: {fileID: 7121589042797217455, guid: 3fe594b9c5ba1b24db3cf071821ffca7,
        type: 3}
      propertyPath: m_AnchoredPosition.x
      value: 155
      objectReference: {fileID: 0}
    - target: {fileID: 7121589042797217455, guid: 3fe594b9c5ba1b24db3cf071821ffca7,
        type: 3}
      propertyPath: m_AnchoredPosition.y
      value: -38.463123
      objectReference: {fileID: 0}
    - target: {fileID: 7121589042797217455, guid: 3fe594b9c5ba1b24db3cf071821ffca7,
        type: 3}
      propertyPath: m_LocalEulerAnglesHint.x
      value: 0
      objectReference: {fileID: 0}
    - target: {fileID: 7121589042797217455, guid: 3fe594b9c5ba1b24db3cf071821ffca7,
        type: 3}
      propertyPath: m_LocalEulerAnglesHint.y
      value: 0
      objectReference: {fileID: 0}
    - target: {fileID: 7121589042797217455, guid: 3fe594b9c5ba1b24db3cf071821ffca7,
        type: 3}
      propertyPath: m_LocalEulerAnglesHint.z
      value: 0
      objectReference: {fileID: 0}
    - target: {fileID: 8524254677908991410, guid: 3fe594b9c5ba1b24db3cf071821ffca7,
        type: 3}
      propertyPath: m_Sprite
      value: 
      objectReference: {fileID: 0}
    m_RemovedComponents: []
  m_SourcePrefab: {fileID: 100100000, guid: 3fe594b9c5ba1b24db3cf071821ffca7, type: 3}
--- !u!224 &7009708568384007277 stripped
RectTransform:
  m_CorrespondingSourceObject: {fileID: 7121589042797217455, guid: 3fe594b9c5ba1b24db3cf071821ffca7,
    type: 3}
  m_PrefabInstance: {fileID: 257702768158206658}
  m_PrefabAsset: {fileID: 0}
--- !u!114 &2012007332737313126 stripped
MonoBehaviour:
  m_CorrespondingSourceObject: {fileID: 1765302542402421668, guid: 3fe594b9c5ba1b24db3cf071821ffca7,
    type: 3}
  m_PrefabInstance: {fileID: 257702768158206658}
  m_PrefabAsset: {fileID: 0}
  m_GameObject: {fileID: 0}
  m_Enabled: 1
  m_EditorHideFlags: 0
  m_Script: {fileID: 11500000, guid: 91d86ff09c141304098ad0ceb641645a, type: 3}
  m_Name: 
  m_EditorClassIdentifier: 
--- !u!1001 &1971541793314062335
PrefabInstance:
  m_ObjectHideFlags: 0
  serializedVersion: 2
  m_Modification:
    m_TransformParent: {fileID: 3872041728487883303}
    m_Modifications:
    - target: {fileID: 525925639539985331, guid: 3fe594b9c5ba1b24db3cf071821ffca7,
        type: 3}
      propertyPath: m_text
      value: 
      objectReference: {fileID: 0}
    - target: {fileID: 1665223645909991299, guid: 3fe594b9c5ba1b24db3cf071821ffca7,
        type: 3}
      propertyPath: m_Name
      value: PackageItemMoney (1)
      objectReference: {fileID: 0}
    - target: {fileID: 1665223645909991299, guid: 3fe594b9c5ba1b24db3cf071821ffca7,
        type: 3}
      propertyPath: m_IsActive
      value: 0
      objectReference: {fileID: 0}
    - target: {fileID: 2114159968501741491, guid: 3fe594b9c5ba1b24db3cf071821ffca7,
        type: 3}
      propertyPath: m_AnchoredPosition.y
      value: -2.9
      objectReference: {fileID: 0}
    - target: {fileID: 6371510350065097952, guid: 3fe594b9c5ba1b24db3cf071821ffca7,
        type: 3}
      propertyPath: m_SizeDelta.x
      value: -5
      objectReference: {fileID: 0}
    - target: {fileID: 6371510350065097952, guid: 3fe594b9c5ba1b24db3cf071821ffca7,
        type: 3}
      propertyPath: m_AnchoredPosition.x
      value: 2.5
      objectReference: {fileID: 0}
    - target: {fileID: 7121589042797217455, guid: 3fe594b9c5ba1b24db3cf071821ffca7,
        type: 3}
      propertyPath: m_Pivot.x
      value: 0.5
      objectReference: {fileID: 0}
    - target: {fileID: 7121589042797217455, guid: 3fe594b9c5ba1b24db3cf071821ffca7,
        type: 3}
      propertyPath: m_Pivot.y
      value: 0.5
      objectReference: {fileID: 0}
    - target: {fileID: 7121589042797217455, guid: 3fe594b9c5ba1b24db3cf071821ffca7,
        type: 3}
      propertyPath: m_RootOrder
      value: 1
      objectReference: {fileID: 0}
    - target: {fileID: 7121589042797217455, guid: 3fe594b9c5ba1b24db3cf071821ffca7,
        type: 3}
      propertyPath: m_AnchorMax.x
      value: 0
      objectReference: {fileID: 0}
    - target: {fileID: 7121589042797217455, guid: 3fe594b9c5ba1b24db3cf071821ffca7,
        type: 3}
      propertyPath: m_AnchorMax.y
      value: 1
      objectReference: {fileID: 0}
    - target: {fileID: 7121589042797217455, guid: 3fe594b9c5ba1b24db3cf071821ffca7,
        type: 3}
      propertyPath: m_AnchorMin.x
      value: 0
      objectReference: {fileID: 0}
    - target: {fileID: 7121589042797217455, guid: 3fe594b9c5ba1b24db3cf071821ffca7,
        type: 3}
      propertyPath: m_AnchorMin.y
      value: 1
      objectReference: {fileID: 0}
    - target: {fileID: 7121589042797217455, guid: 3fe594b9c5ba1b24db3cf071821ffca7,
        type: 3}
      propertyPath: m_SizeDelta.x
      value: 236.121
      objectReference: {fileID: 0}
    - target: {fileID: 7121589042797217455, guid: 3fe594b9c5ba1b24db3cf071821ffca7,
        type: 3}
      propertyPath: m_SizeDelta.y
      value: 64
      objectReference: {fileID: 0}
    - target: {fileID: 7121589042797217455, guid: 3fe594b9c5ba1b24db3cf071821ffca7,
        type: 3}
      propertyPath: m_LocalPosition.x
      value: 0
      objectReference: {fileID: 0}
    - target: {fileID: 7121589042797217455, guid: 3fe594b9c5ba1b24db3cf071821ffca7,
        type: 3}
      propertyPath: m_LocalPosition.y
      value: 0
      objectReference: {fileID: 0}
    - target: {fileID: 7121589042797217455, guid: 3fe594b9c5ba1b24db3cf071821ffca7,
        type: 3}
      propertyPath: m_LocalPosition.z
      value: 0
      objectReference: {fileID: 0}
    - target: {fileID: 7121589042797217455, guid: 3fe594b9c5ba1b24db3cf071821ffca7,
        type: 3}
      propertyPath: m_LocalRotation.w
      value: 1
      objectReference: {fileID: 0}
    - target: {fileID: 7121589042797217455, guid: 3fe594b9c5ba1b24db3cf071821ffca7,
        type: 3}
      propertyPath: m_LocalRotation.x
      value: -0
      objectReference: {fileID: 0}
    - target: {fileID: 7121589042797217455, guid: 3fe594b9c5ba1b24db3cf071821ffca7,
        type: 3}
      propertyPath: m_LocalRotation.y
      value: -0
      objectReference: {fileID: 0}
    - target: {fileID: 7121589042797217455, guid: 3fe594b9c5ba1b24db3cf071821ffca7,
        type: 3}
      propertyPath: m_LocalRotation.z
      value: -0
      objectReference: {fileID: 0}
    - target: {fileID: 7121589042797217455, guid: 3fe594b9c5ba1b24db3cf071821ffca7,
        type: 3}
      propertyPath: m_AnchoredPosition.x
      value: 155
      objectReference: {fileID: 0}
    - target: {fileID: 7121589042797217455, guid: 3fe594b9c5ba1b24db3cf071821ffca7,
        type: 3}
      propertyPath: m_AnchoredPosition.y
      value: -115.38937
      objectReference: {fileID: 0}
    - target: {fileID: 7121589042797217455, guid: 3fe594b9c5ba1b24db3cf071821ffca7,
        type: 3}
      propertyPath: m_LocalEulerAnglesHint.x
      value: 0
      objectReference: {fileID: 0}
    - target: {fileID: 7121589042797217455, guid: 3fe594b9c5ba1b24db3cf071821ffca7,
        type: 3}
      propertyPath: m_LocalEulerAnglesHint.y
      value: 0
      objectReference: {fileID: 0}
    - target: {fileID: 7121589042797217455, guid: 3fe594b9c5ba1b24db3cf071821ffca7,
        type: 3}
      propertyPath: m_LocalEulerAnglesHint.z
      value: 0
      objectReference: {fileID: 0}
    - target: {fileID: 8524254677908991410, guid: 3fe594b9c5ba1b24db3cf071821ffca7,
        type: 3}
      propertyPath: m_Sprite
      value: 
      objectReference: {fileID: 0}
    m_RemovedComponents: []
  m_SourcePrefab: {fileID: 100100000, guid: 3fe594b9c5ba1b24db3cf071821ffca7, type: 3}
--- !u!114 &226252690432179291 stripped
MonoBehaviour:
  m_CorrespondingSourceObject: {fileID: 1765302542402421668, guid: 3fe594b9c5ba1b24db3cf071821ffca7,
    type: 3}
  m_PrefabInstance: {fileID: 1971541793314062335}
  m_PrefabAsset: {fileID: 0}
  m_GameObject: {fileID: 0}
  m_Enabled: 1
  m_EditorHideFlags: 0
  m_Script: {fileID: 11500000, guid: 91d86ff09c141304098ad0ceb641645a, type: 3}
  m_Name: 
  m_EditorClassIdentifier: 
--- !u!224 &8757431238814087504 stripped
RectTransform:
  m_CorrespondingSourceObject: {fileID: 7121589042797217455, guid: 3fe594b9c5ba1b24db3cf071821ffca7,
    type: 3}
  m_PrefabInstance: {fileID: 1971541793314062335}
  m_PrefabAsset: {fileID: 0}
--- !u!1001 &6678671068824888756
PrefabInstance:
  m_ObjectHideFlags: 0
  serializedVersion: 2
  m_Modification:
    m_TransformParent: {fileID: 3872041728487883303}
    m_Modifications:
    - target: {fileID: 525925639539985331, guid: 3fe594b9c5ba1b24db3cf071821ffca7,
        type: 3}
      propertyPath: m_text
      value: 
      objectReference: {fileID: 0}
    - target: {fileID: 1665223645909991299, guid: 3fe594b9c5ba1b24db3cf071821ffca7,
        type: 3}
      propertyPath: m_Name
      value: PackageItemMoney (2)
      objectReference: {fileID: 0}
    - target: {fileID: 1665223645909991299, guid: 3fe594b9c5ba1b24db3cf071821ffca7,
        type: 3}
      propertyPath: m_IsActive
      value: 0
      objectReference: {fileID: 0}
    - target: {fileID: 2114159968501741491, guid: 3fe594b9c5ba1b24db3cf071821ffca7,
        type: 3}
      propertyPath: m_AnchoredPosition.y
      value: -2.9
      objectReference: {fileID: 0}
    - target: {fileID: 6371510350065097952, guid: 3fe594b9c5ba1b24db3cf071821ffca7,
        type: 3}
      propertyPath: m_SizeDelta.x
      value: -5
      objectReference: {fileID: 0}
    - target: {fileID: 6371510350065097952, guid: 3fe594b9c5ba1b24db3cf071821ffca7,
        type: 3}
      propertyPath: m_AnchoredPosition.x
      value: 2.5
      objectReference: {fileID: 0}
    - target: {fileID: 7121589042797217455, guid: 3fe594b9c5ba1b24db3cf071821ffca7,
        type: 3}
      propertyPath: m_Pivot.x
      value: 0.5
      objectReference: {fileID: 0}
    - target: {fileID: 7121589042797217455, guid: 3fe594b9c5ba1b24db3cf071821ffca7,
        type: 3}
      propertyPath: m_Pivot.y
      value: 0.5
      objectReference: {fileID: 0}
    - target: {fileID: 7121589042797217455, guid: 3fe594b9c5ba1b24db3cf071821ffca7,
        type: 3}
      propertyPath: m_RootOrder
      value: 2
      objectReference: {fileID: 0}
    - target: {fileID: 7121589042797217455, guid: 3fe594b9c5ba1b24db3cf071821ffca7,
        type: 3}
      propertyPath: m_AnchorMax.x
      value: 0
      objectReference: {fileID: 0}
    - target: {fileID: 7121589042797217455, guid: 3fe594b9c5ba1b24db3cf071821ffca7,
        type: 3}
      propertyPath: m_AnchorMax.y
      value: 1
      objectReference: {fileID: 0}
    - target: {fileID: 7121589042797217455, guid: 3fe594b9c5ba1b24db3cf071821ffca7,
        type: 3}
      propertyPath: m_AnchorMin.x
      value: 0
      objectReference: {fileID: 0}
    - target: {fileID: 7121589042797217455, guid: 3fe594b9c5ba1b24db3cf071821ffca7,
        type: 3}
      propertyPath: m_AnchorMin.y
      value: 1
      objectReference: {fileID: 0}
    - target: {fileID: 7121589042797217455, guid: 3fe594b9c5ba1b24db3cf071821ffca7,
        type: 3}
      propertyPath: m_SizeDelta.x
      value: 236.121
      objectReference: {fileID: 0}
    - target: {fileID: 7121589042797217455, guid: 3fe594b9c5ba1b24db3cf071821ffca7,
        type: 3}
      propertyPath: m_SizeDelta.y
      value: 64
      objectReference: {fileID: 0}
    - target: {fileID: 7121589042797217455, guid: 3fe594b9c5ba1b24db3cf071821ffca7,
        type: 3}
      propertyPath: m_LocalPosition.x
      value: 0
      objectReference: {fileID: 0}
    - target: {fileID: 7121589042797217455, guid: 3fe594b9c5ba1b24db3cf071821ffca7,
        type: 3}
      propertyPath: m_LocalPosition.y
      value: 0
      objectReference: {fileID: 0}
    - target: {fileID: 7121589042797217455, guid: 3fe594b9c5ba1b24db3cf071821ffca7,
        type: 3}
      propertyPath: m_LocalPosition.z
      value: 0
      objectReference: {fileID: 0}
    - target: {fileID: 7121589042797217455, guid: 3fe594b9c5ba1b24db3cf071821ffca7,
        type: 3}
      propertyPath: m_LocalRotation.w
      value: 1
      objectReference: {fileID: 0}
    - target: {fileID: 7121589042797217455, guid: 3fe594b9c5ba1b24db3cf071821ffca7,
        type: 3}
      propertyPath: m_LocalRotation.x
      value: -0
      objectReference: {fileID: 0}
    - target: {fileID: 7121589042797217455, guid: 3fe594b9c5ba1b24db3cf071821ffca7,
        type: 3}
      propertyPath: m_LocalRotation.y
      value: -0
      objectReference: {fileID: 0}
    - target: {fileID: 7121589042797217455, guid: 3fe594b9c5ba1b24db3cf071821ffca7,
        type: 3}
      propertyPath: m_LocalRotation.z
      value: -0
      objectReference: {fileID: 0}
    - target: {fileID: 7121589042797217455, guid: 3fe594b9c5ba1b24db3cf071821ffca7,
        type: 3}
      propertyPath: m_AnchoredPosition.x
      value: 155
      objectReference: {fileID: 0}
    - target: {fileID: 7121589042797217455, guid: 3fe594b9c5ba1b24db3cf071821ffca7,
        type: 3}
      propertyPath: m_AnchoredPosition.y
      value: -192.31561
      objectReference: {fileID: 0}
    - target: {fileID: 7121589042797217455, guid: 3fe594b9c5ba1b24db3cf071821ffca7,
        type: 3}
      propertyPath: m_LocalEulerAnglesHint.x
      value: 0
      objectReference: {fileID: 0}
    - target: {fileID: 7121589042797217455, guid: 3fe594b9c5ba1b24db3cf071821ffca7,
        type: 3}
      propertyPath: m_LocalEulerAnglesHint.y
      value: 0
      objectReference: {fileID: 0}
    - target: {fileID: 7121589042797217455, guid: 3fe594b9c5ba1b24db3cf071821ffca7,
        type: 3}
      propertyPath: m_LocalEulerAnglesHint.z
      value: 0
      objectReference: {fileID: 0}
    - target: {fileID: 8524254677908991410, guid: 3fe594b9c5ba1b24db3cf071821ffca7,
        type: 3}
      propertyPath: m_Sprite
      value: 
      objectReference: {fileID: 0}
    m_RemovedComponents: []
  m_SourcePrefab: {fileID: 100100000, guid: 3fe594b9c5ba1b24db3cf071821ffca7, type: 3}
--- !u!114 &4958738877310428688 stripped
MonoBehaviour:
  m_CorrespondingSourceObject: {fileID: 1765302542402421668, guid: 3fe594b9c5ba1b24db3cf071821ffca7,
    type: 3}
  m_PrefabInstance: {fileID: 6678671068824888756}
  m_PrefabAsset: {fileID: 0}
  m_GameObject: {fileID: 0}
  m_Enabled: 1
  m_EditorHideFlags: 0
  m_Script: {fileID: 11500000, guid: 91d86ff09c141304098ad0ceb641645a, type: 3}
  m_Name: 
  m_EditorClassIdentifier: 
--- !u!224 &4502351076497974043 stripped
RectTransform:
  m_CorrespondingSourceObject: {fileID: 7121589042797217455, guid: 3fe594b9c5ba1b24db3cf071821ffca7,
    type: 3}
  m_PrefabInstance: {fileID: 6678671068824888756}
  m_PrefabAsset: {fileID: 0}
--- !u!1001 &7133205705677669692
PrefabInstance:
  m_ObjectHideFlags: 0
  serializedVersion: 2
  m_Modification:
    m_TransformParent: {fileID: 7628839406740488879}
    m_Modifications:
    - target: {fileID: 2692113816492618031, guid: 839a6704207fdf44aaed9536b3ecd9fd,
        type: 3}
      propertyPath: m_Name
      value: TimerPanel
      objectReference: {fileID: 0}
    - target: {fileID: 2692113816492618031, guid: 839a6704207fdf44aaed9536b3ecd9fd,
        type: 3}
      propertyPath: m_IsActive
      value: 0
      objectReference: {fileID: 0}
    - target: {fileID: 4079082103189436297, guid: 839a6704207fdf44aaed9536b3ecd9fd,
        type: 3}
      propertyPath: m_IsActive
      value: 1
      objectReference: {fileID: 0}
    - target: {fileID: 8796758879350814193, guid: 839a6704207fdf44aaed9536b3ecd9fd,
        type: 3}
      propertyPath: m_Pivot.x
      value: 0.5
      objectReference: {fileID: 0}
    - target: {fileID: 8796758879350814193, guid: 839a6704207fdf44aaed9536b3ecd9fd,
        type: 3}
      propertyPath: m_Pivot.y
      value: 0.5
      objectReference: {fileID: 0}
    - target: {fileID: 8796758879350814193, guid: 839a6704207fdf44aaed9536b3ecd9fd,
        type: 3}
      propertyPath: m_RootOrder
      value: 7
      objectReference: {fileID: 0}
    - target: {fileID: 8796758879350814193, guid: 839a6704207fdf44aaed9536b3ecd9fd,
        type: 3}
      propertyPath: m_AnchorMax.x
      value: 0.5
      objectReference: {fileID: 0}
    - target: {fileID: 8796758879350814193, guid: 839a6704207fdf44aaed9536b3ecd9fd,
        type: 3}
      propertyPath: m_AnchorMax.y
      value: 0
      objectReference: {fileID: 0}
    - target: {fileID: 8796758879350814193, guid: 839a6704207fdf44aaed9536b3ecd9fd,
        type: 3}
      propertyPath: m_AnchorMin.x
      value: 0.5
      objectReference: {fileID: 0}
    - target: {fileID: 8796758879350814193, guid: 839a6704207fdf44aaed9536b3ecd9fd,
        type: 3}
      propertyPath: m_AnchorMin.y
      value: 0
      objectReference: {fileID: 0}
    - target: {fileID: 8796758879350814193, guid: 839a6704207fdf44aaed9536b3ecd9fd,
        type: 3}
      propertyPath: m_SizeDelta.x
      value: 233
      objectReference: {fileID: 0}
    - target: {fileID: 8796758879350814193, guid: 839a6704207fdf44aaed9536b3ecd9fd,
        type: 3}
      propertyPath: m_SizeDelta.y
      value: 66
      objectReference: {fileID: 0}
    - target: {fileID: 8796758879350814193, guid: 839a6704207fdf44aaed9536b3ecd9fd,
        type: 3}
      propertyPath: m_LocalPosition.x
      value: 0
      objectReference: {fileID: 0}
    - target: {fileID: 8796758879350814193, guid: 839a6704207fdf44aaed9536b3ecd9fd,
        type: 3}
      propertyPath: m_LocalPosition.y
      value: 0
      objectReference: {fileID: 0}
    - target: {fileID: 8796758879350814193, guid: 839a6704207fdf44aaed9536b3ecd9fd,
        type: 3}
      propertyPath: m_LocalPosition.z
      value: 0
      objectReference: {fileID: 0}
    - target: {fileID: 8796758879350814193, guid: 839a6704207fdf44aaed9536b3ecd9fd,
        type: 3}
      propertyPath: m_LocalRotation.w
      value: 1
      objectReference: {fileID: 0}
    - target: {fileID: 8796758879350814193, guid: 839a6704207fdf44aaed9536b3ecd9fd,
        type: 3}
      propertyPath: m_LocalRotation.x
      value: -0
      objectReference: {fileID: 0}
    - target: {fileID: 8796758879350814193, guid: 839a6704207fdf44aaed9536b3ecd9fd,
        type: 3}
      propertyPath: m_LocalRotation.y
      value: -0
      objectReference: {fileID: 0}
    - target: {fileID: 8796758879350814193, guid: 839a6704207fdf44aaed9536b3ecd9fd,
        type: 3}
      propertyPath: m_LocalRotation.z
      value: -0
      objectReference: {fileID: 0}
    - target: {fileID: 8796758879350814193, guid: 839a6704207fdf44aaed9536b3ecd9fd,
        type: 3}
      propertyPath: m_AnchoredPosition.x
      value: 55.5
      objectReference: {fileID: 0}
    - target: {fileID: 8796758879350814193, guid: 839a6704207fdf44aaed9536b3ecd9fd,
        type: 3}
      propertyPath: m_AnchoredPosition.y
      value: -5
      objectReference: {fileID: 0}
    - target: {fileID: 8796758879350814193, guid: 839a6704207fdf44aaed9536b3ecd9fd,
        type: 3}
      propertyPath: m_LocalEulerAnglesHint.x
      value: 0
      objectReference: {fileID: 0}
    - target: {fileID: 8796758879350814193, guid: 839a6704207fdf44aaed9536b3ecd9fd,
        type: 3}
      propertyPath: m_LocalEulerAnglesHint.y
      value: 0
      objectReference: {fileID: 0}
    - target: {fileID: 8796758879350814193, guid: 839a6704207fdf44aaed9536b3ecd9fd,
        type: 3}
      propertyPath: m_LocalEulerAnglesHint.z
      value: 0
      objectReference: {fileID: 0}
    m_RemovedComponents: []
  m_SourcePrefab: {fileID: 100100000, guid: 839a6704207fdf44aaed9536b3ecd9fd, type: 3}
--- !u!1 &5161815165540480019 stripped
GameObject:
  m_CorrespondingSourceObject: {fileID: 2692113816492618031, guid: 839a6704207fdf44aaed9536b3ecd9fd,
    type: 3}
  m_PrefabInstance: {fileID: 7133205705677669692}
  m_PrefabAsset: {fileID: 0}
--- !u!114 &193243476727425592 stripped
MonoBehaviour:
  m_CorrespondingSourceObject: {fileID: 6940246178408361732, guid: 839a6704207fdf44aaed9536b3ecd9fd,
    type: 3}
  m_PrefabInstance: {fileID: 7133205705677669692}
  m_PrefabAsset: {fileID: 0}
  m_GameObject: {fileID: 0}
  m_Enabled: 1
  m_EditorHideFlags: 0
  m_Script: {fileID: 11500000, guid: f4688fdb7df04437aeb418b961361dc5, type: 3}
  m_Name: 
  m_EditorClassIdentifier: 
--- !u!224 &1795354450144194765 stripped
RectTransform:
  m_CorrespondingSourceObject: {fileID: 8796758879350814193, guid: 839a6704207fdf44aaed9536b3ecd9fd,
    type: 3}
  m_PrefabInstance: {fileID: 7133205705677669692}
  m_PrefabAsset: {fileID: 0}
--- !u!1001 &9153479643057499968
PrefabInstance:
  m_ObjectHideFlags: 0
  serializedVersion: 2
  m_Modification:
    m_TransformParent: {fileID: 3872041728487883303}
    m_Modifications:
    - target: {fileID: 525925639539985331, guid: 3fe594b9c5ba1b24db3cf071821ffca7,
        type: 3}
      propertyPath: m_text
      value: 
      objectReference: {fileID: 0}
    - target: {fileID: 1665223645909991299, guid: 3fe594b9c5ba1b24db3cf071821ffca7,
        type: 3}
      propertyPath: m_Name
      value: PackageItemMoney (3)
      objectReference: {fileID: 0}
    - target: {fileID: 1665223645909991299, guid: 3fe594b9c5ba1b24db3cf071821ffca7,
        type: 3}
      propertyPath: m_IsActive
      value: 0
      objectReference: {fileID: 0}
    - target: {fileID: 2114159968501741491, guid: 3fe594b9c5ba1b24db3cf071821ffca7,
        type: 3}
      propertyPath: m_AnchoredPosition.y
      value: -2.9
      objectReference: {fileID: 0}
    - target: {fileID: 6371510350065097952, guid: 3fe594b9c5ba1b24db3cf071821ffca7,
        type: 3}
      propertyPath: m_SizeDelta.x
      value: -5
      objectReference: {fileID: 0}
    - target: {fileID: 6371510350065097952, guid: 3fe594b9c5ba1b24db3cf071821ffca7,
        type: 3}
      propertyPath: m_AnchoredPosition.x
      value: 2.5
      objectReference: {fileID: 0}
    - target: {fileID: 7121589042797217455, guid: 3fe594b9c5ba1b24db3cf071821ffca7,
        type: 3}
      propertyPath: m_Pivot.x
      value: 0.5
      objectReference: {fileID: 0}
    - target: {fileID: 7121589042797217455, guid: 3fe594b9c5ba1b24db3cf071821ffca7,
        type: 3}
      propertyPath: m_Pivot.y
      value: 0.5
      objectReference: {fileID: 0}
    - target: {fileID: 7121589042797217455, guid: 3fe594b9c5ba1b24db3cf071821ffca7,
        type: 3}
      propertyPath: m_RootOrder
      value: 3
      objectReference: {fileID: 0}
    - target: {fileID: 7121589042797217455, guid: 3fe594b9c5ba1b24db3cf071821ffca7,
        type: 3}
      propertyPath: m_AnchorMax.x
      value: 0
      objectReference: {fileID: 0}
    - target: {fileID: 7121589042797217455, guid: 3fe594b9c5ba1b24db3cf071821ffca7,
        type: 3}
      propertyPath: m_AnchorMax.y
      value: 1
      objectReference: {fileID: 0}
    - target: {fileID: 7121589042797217455, guid: 3fe594b9c5ba1b24db3cf071821ffca7,
        type: 3}
      propertyPath: m_AnchorMin.x
      value: 0
      objectReference: {fileID: 0}
    - target: {fileID: 7121589042797217455, guid: 3fe594b9c5ba1b24db3cf071821ffca7,
        type: 3}
      propertyPath: m_AnchorMin.y
      value: 1
      objectReference: {fileID: 0}
    - target: {fileID: 7121589042797217455, guid: 3fe594b9c5ba1b24db3cf071821ffca7,
        type: 3}
      propertyPath: m_SizeDelta.x
      value: 236.121
      objectReference: {fileID: 0}
    - target: {fileID: 7121589042797217455, guid: 3fe594b9c5ba1b24db3cf071821ffca7,
        type: 3}
      propertyPath: m_SizeDelta.y
      value: 64
      objectReference: {fileID: 0}
    - target: {fileID: 7121589042797217455, guid: 3fe594b9c5ba1b24db3cf071821ffca7,
        type: 3}
      propertyPath: m_LocalPosition.x
      value: 0
      objectReference: {fileID: 0}
    - target: {fileID: 7121589042797217455, guid: 3fe594b9c5ba1b24db3cf071821ffca7,
        type: 3}
      propertyPath: m_LocalPosition.y
      value: 0
      objectReference: {fileID: 0}
    - target: {fileID: 7121589042797217455, guid: 3fe594b9c5ba1b24db3cf071821ffca7,
        type: 3}
      propertyPath: m_LocalPosition.z
      value: 0
      objectReference: {fileID: 0}
    - target: {fileID: 7121589042797217455, guid: 3fe594b9c5ba1b24db3cf071821ffca7,
        type: 3}
      propertyPath: m_LocalRotation.w
      value: 1
      objectReference: {fileID: 0}
    - target: {fileID: 7121589042797217455, guid: 3fe594b9c5ba1b24db3cf071821ffca7,
        type: 3}
      propertyPath: m_LocalRotation.x
      value: -0
      objectReference: {fileID: 0}
    - target: {fileID: 7121589042797217455, guid: 3fe594b9c5ba1b24db3cf071821ffca7,
        type: 3}
      propertyPath: m_LocalRotation.y
      value: -0
      objectReference: {fileID: 0}
    - target: {fileID: 7121589042797217455, guid: 3fe594b9c5ba1b24db3cf071821ffca7,
        type: 3}
      propertyPath: m_LocalRotation.z
      value: -0
      objectReference: {fileID: 0}
    - target: {fileID: 7121589042797217455, guid: 3fe594b9c5ba1b24db3cf071821ffca7,
        type: 3}
      propertyPath: m_AnchoredPosition.x
      value: 155
      objectReference: {fileID: 0}
    - target: {fileID: 7121589042797217455, guid: 3fe594b9c5ba1b24db3cf071821ffca7,
        type: 3}
      propertyPath: m_AnchoredPosition.y
      value: -269.24188
      objectReference: {fileID: 0}
    - target: {fileID: 7121589042797217455, guid: 3fe594b9c5ba1b24db3cf071821ffca7,
        type: 3}
      propertyPath: m_LocalEulerAnglesHint.x
      value: 0
      objectReference: {fileID: 0}
    - target: {fileID: 7121589042797217455, guid: 3fe594b9c5ba1b24db3cf071821ffca7,
        type: 3}
      propertyPath: m_LocalEulerAnglesHint.y
      value: 0
      objectReference: {fileID: 0}
    - target: {fileID: 7121589042797217455, guid: 3fe594b9c5ba1b24db3cf071821ffca7,
        type: 3}
      propertyPath: m_LocalEulerAnglesHint.z
      value: 0
      objectReference: {fileID: 0}
    - target: {fileID: 8524254677908991410, guid: 3fe594b9c5ba1b24db3cf071821ffca7,
        type: 3}
      propertyPath: m_Sprite
      value: 
      objectReference: {fileID: 0}
    m_RemovedComponents: []
  m_SourcePrefab: {fileID: 100100000, guid: 3fe594b9c5ba1b24db3cf071821ffca7, type: 3}
--- !u!114 &7455758058896731364 stripped
MonoBehaviour:
  m_CorrespondingSourceObject: {fileID: 1765302542402421668, guid: 3fe594b9c5ba1b24db3cf071821ffca7,
    type: 3}
  m_PrefabInstance: {fileID: 9153479643057499968}
  m_PrefabAsset: {fileID: 0}
  m_GameObject: {fileID: 0}
  m_Enabled: 1
  m_EditorHideFlags: 0
  m_Script: {fileID: 11500000, guid: 91d86ff09c141304098ad0ceb641645a, type: 3}
  m_Name: 
  m_EditorClassIdentifier: 
--- !u!224 &2149139221980916207 stripped
RectTransform:
  m_CorrespondingSourceObject: {fileID: 7121589042797217455, guid: 3fe594b9c5ba1b24db3cf071821ffca7,
    type: 3}
  m_PrefabInstance: {fileID: 9153479643057499968}
  m_PrefabAsset: {fileID: 0}
