%YAML 1.1
%TAG !u! tag:unity3d.com,2011:
--- !u!114 &1044179941477916493
MonoBehaviour:
  m_ObjectHideFlags: 0
  m_CorrespondingSourceObject: {fileID: 0}
  m_PrefabInstance: {fileID: 0}
  m_PrefabAsset: {fileID: 0}
  m_GameObject: {fileID: 936808117681177977}
  m_Enabled: 1
  m_EditorHideFlags: 0
  m_Script: {fileID: 11500000, guid: 344445a89b4f74a0e9a0a766903df87e, type: 3}
  m_Name: 
  m_EditorClassIdentifier: 
  mTerm: UICommon/EVENT_NANOPASS_WAREHOUSE
  mTermSecondary: 
  PrimaryTermModifier: 0
  SecondaryTermModifier: 0
  TermPrefix: 
  TermSuffix: 
  LocalizeOnAwake: 1
  IgnoreRTL: 0
  MaxCharactersInRTL: 0
  IgnoreNumbersInRTL: 1
  CorrectAlignmentForRTL: 1
  AddSpacesToJoinedLanguages: 0
  AllowLocalizedParameters: 1
  TranslatedObjects: []
  LocalizeEvent:
    m_PersistentCalls:
      m_Calls: []
  AlwaysForceLocalize: 0
  LocalizeCallBack:
    Target: {fileID: 0}
    MethodName: 
  mGUI_ShowReferences: 0
  mGUI_ShowTems: 1
  mGUI_ShowCallback: 0
  mLocalizeTarget: {fileID: 0}
  mLocalizeTargetName: I2.Loc.LocalizeTarget_TextMeshPro_UGUI
--- !u!114 &3092037778388177271
MonoBehaviour:
  m_ObjectHideFlags: 0
  m_CorrespondingSourceObject: {fileID: 0}
  m_PrefabInstance: {fileID: 0}
  m_PrefabAsset: {fileID: 0}
  m_GameObject: {fileID: 1724339300524422571}
  m_Enabled: 1
  m_EditorHideFlags: 0
  m_Script: {fileID: 11500000, guid: 344445a89b4f74a0e9a0a766903df87e, type: 3}
  m_Name: 
  m_EditorClassIdentifier: 
  mTerm: UICommon/EVENT_NANOPASS
  mTermSecondary: 
  PrimaryTermModifier: 0
  SecondaryTermModifier: 0
  TermPrefix: 
  TermSuffix: 
  LocalizeOnAwake: 1
  IgnoreRTL: 0
  MaxCharactersInRTL: 0
  IgnoreNumbersInRTL: 1
  CorrectAlignmentForRTL: 1
  AddSpacesToJoinedLanguages: 0
  AllowLocalizedParameters: 1
  TranslatedObjects: []
  LocalizeEvent:
    m_PersistentCalls:
      m_Calls: []
  AlwaysForceLocalize: 0
  LocalizeCallBack:
    Target: {fileID: 0}
    MethodName: 
  mGUI_ShowReferences: 0
  mGUI_ShowTems: 1
  mGUI_ShowCallback: 0
  mLocalizeTarget: {fileID: 0}
  mLocalizeTargetName: I2.Loc.LocalizeTarget_TextMeshPro_UGUI
--- !u!114 &757175668792151670
MonoBehaviour:
  m_ObjectHideFlags: 0
  m_CorrespondingSourceObject: {fileID: 0}
  m_PrefabInstance: {fileID: 0}
  m_PrefabAsset: {fileID: 0}
  m_GameObject: {fileID: 3010710440735301012}
  m_Enabled: 1
  m_EditorHideFlags: 0
  m_Script: {fileID: 11500000, guid: 344445a89b4f74a0e9a0a766903df87e, type: 3}
  m_Name: 
  m_EditorClassIdentifier: 
  mTerm: UICommon/EVENTS_PURCHASE_AND_CONGRATS_DAY
  mTermSecondary: 
  PrimaryTermModifier: 0
  SecondaryTermModifier: 0
  TermPrefix: 
  TermSuffix: 
  LocalizeOnAwake: 1
  IgnoreRTL: 0
  MaxCharactersInRTL: 0
  IgnoreNumbersInRTL: 1
  CorrectAlignmentForRTL: 1
  AddSpacesToJoinedLanguages: 0
  AllowLocalizedParameters: 1
  TranslatedObjects: []
  LocalizeEvent:
    m_PersistentCalls:
      m_Calls: []
  AlwaysForceLocalize: 0
  LocalizeCallBack:
    Target: {fileID: 0}
    MethodName: 
  mGUI_ShowReferences: 0
  mGUI_ShowTems: 1
  mGUI_ShowCallback: 0
  mLocalizeTarget: {fileID: 0}
  mLocalizeTargetName: I2.Loc.LocalizeTarget_TextMeshPro_UGUI
--- !u!1 &4227490690947294041
GameObject:
  m_ObjectHideFlags: 0
  m_CorrespondingSourceObject: {fileID: 0}
  m_PrefabInstance: {fileID: 0}
  m_PrefabAsset: {fileID: 0}
  serializedVersion: 6
  m_Component:
  - component: {fileID: 4156850668557218173}
  - component: {fileID: 4159194397976355643}
  - component: {fileID: 8892776841292294628}
  - component: {fileID: 4267559692450960147}
  - component: {fileID: 4267564688214098727}
  - component: {fileID: 4267240868044363877}
  m_Layer: 5
  m_Name: NanoPassPopup
  m_TagString: Untagged
  m_Icon: {fileID: 0}
  m_NavMeshLayer: 0
  m_StaticEditorFlags: 0
  m_IsActive: 1
--- !u!224 &4156850668557218173
RectTransform:
  m_ObjectHideFlags: 0
  m_CorrespondingSourceObject: {fileID: 0}
  m_PrefabInstance: {fileID: 0}
  m_PrefabAsset: {fileID: 0}
  m_GameObject: {fileID: 4227490690947294041}
  m_LocalRotation: {x: -0, y: -0, z: -0, w: 1}
  m_LocalPosition: {x: 0, y: 0, z: 0}
  m_LocalScale: {x: 1, y: 1, z: 1}
  m_Children:
  - {fileID: 591713911716322130}
  - {fileID: 5578473539169036358}
  m_Father: {fileID: 0}
  m_RootOrder: 0
  m_LocalEulerAnglesHint: {x: 0, y: 0, z: 0}
  m_AnchorMin: {x: 0, y: 0}
  m_AnchorMax: {x: 1, y: 1}
  m_AnchoredPosition: {x: 0, y: 0}
  m_SizeDelta: {x: 0, y: 0}
  m_Pivot: {x: 0.5, y: 0.5}
--- !u!222 &4159194397976355643
CanvasRenderer:
  m_ObjectHideFlags: 0
  m_CorrespondingSourceObject: {fileID: 0}
  m_PrefabInstance: {fileID: 0}
  m_PrefabAsset: {fileID: 0}
  m_GameObject: {fileID: 4227490690947294041}
  m_CullTransparentMesh: 0
--- !u!114 &8892776841292294628
MonoBehaviour:
  m_ObjectHideFlags: 0
  m_CorrespondingSourceObject: {fileID: 0}
  m_PrefabInstance: {fileID: 0}
  m_PrefabAsset: {fileID: 0}
  m_GameObject: {fileID: 4227490690947294041}
  m_Enabled: 1
  m_EditorHideFlags: 0
  m_Script: {fileID: 11500000, guid: c30326fe528c66d4286f6b84895b97a0, type: 3}
  m_Name: 
  m_EditorClassIdentifier: 
  _openMode: 8
  _buttonsToEnableDisable: []
  _togglesToEnableDisable: []
  IsAutoClosing: 0
  _buyButton: {fileID: 2997588340863754571}
  _closeButton: {fileID: 290740868601825426}
  _title: {fileID: 3519216970795293508}
  _backGround: {fileID: 7643978244126675909}
  _price: {fileID: 2763451305969730746}
--- !u!114 &4267559692450960147
MonoBehaviour:
  m_ObjectHideFlags: 0
  m_CorrespondingSourceObject: {fileID: 0}
  m_PrefabInstance: {fileID: 0}
  m_PrefabAsset: {fileID: 0}
  m_GameObject: {fileID: 4227490690947294041}
  m_Enabled: 1
  m_EditorHideFlags: 0
  m_Script: {fileID: 11500000, guid: 9e25ce728e2a01f47a7d2de714610c09, type: 3}
  m_Name: 
  m_EditorClassIdentifier: 
  _effectMode: 0
  PlayOnStart: 0
  CancelOnDisable: 1
  SubEffectsPlayMode: 0
  subEffects: []
  _target: {fileID: 5578473540500205284}
  _animationPlayTime: 0.2
  _scaleMode: 0
  ScaleAnimationCurve:
    serializedVersion: 2
    m_Curve:
    - serializedVersion: 3
      time: 0
      value: 0.3
      inSlope: 0
      outSlope: 0.7
      tangentMode: 0
      weightedMode: 0
      inWeight: 0.33333334
      outWeight: 0.33333334
    - serializedVersion: 3
      time: 1
      value: 1
      inSlope: 0.7
      outSlope: 0
      tangentMode: 0
      weightedMode: 0
      inWeight: 0.33333334
      outWeight: 0.33333334
    m_PreInfinity: 2
    m_PostInfinity: 2
    m_RotationOrder: 4
  CustomBaseVector: {x: 1, y: 1, z: 1}
--- !u!114 &4267564688214098727
MonoBehaviour:
  m_ObjectHideFlags: 0
  m_CorrespondingSourceObject: {fileID: 0}
  m_PrefabInstance: {fileID: 0}
  m_PrefabAsset: {fileID: 0}
  m_GameObject: {fileID: 4227490690947294041}
  m_Enabled: 1
  m_EditorHideFlags: 0
  m_Script: {fileID: 11500000, guid: fc864396098b75d49bc6be6ea25b9af7, type: 3}
  m_Name: 
  m_EditorClassIdentifier: 
  _effectMode: 0
  PlayOnStart: 0
  CancelOnDisable: 1
  SubEffectsPlayMode: 0
  subEffects:
  - {fileID: 4267559692450960147}
--- !u!114 &4267240868044363877
MonoBehaviour:
  m_ObjectHideFlags: 0
  m_CorrespondingSourceObject: {fileID: 0}
  m_PrefabInstance: {fileID: 0}
  m_PrefabAsset: {fileID: 0}
  m_GameObject: {fileID: 4227490690947294041}
  m_Enabled: 1
  m_EditorHideFlags: 0
  m_Script: {fileID: 11500000, guid: c1e32799ef1b5314ca7e21393d53dc79, type: 3}
  m_Name: 
  m_EditorClassIdentifier: 
  _effectMode: 0
  PlayOnStart: 0
  CancelOnDisable: 1
  SubEffectsPlayMode: 0
  subEffects:
  - {fileID: 4267559692450960147}
--- !u!114 &4174159241763834386
MonoBehaviour:
  m_ObjectHideFlags: 0
  m_CorrespondingSourceObject: {fileID: 0}
  m_PrefabInstance: {fileID: 0}
  m_PrefabAsset: {fileID: 0}
  m_GameObject: {fileID: 5074204444128316058}
  m_Enabled: 1
  m_EditorHideFlags: 0
  m_Script: {fileID: 11500000, guid: 344445a89b4f74a0e9a0a766903df87e, type: 3}
  m_Name: 
  m_EditorClassIdentifier: 
  mTerm: UICommon/EVENT_NANOPASS_LANTERNS
  mTermSecondary: 
  PrimaryTermModifier: 0
  SecondaryTermModifier: 0
  TermPrefix: 
  TermSuffix: 
  LocalizeOnAwake: 1
  IgnoreRTL: 0
  MaxCharactersInRTL: 0
  IgnoreNumbersInRTL: 1
  CorrectAlignmentForRTL: 1
  AddSpacesToJoinedLanguages: 0
  AllowLocalizedParameters: 1
  TranslatedObjects: []
  LocalizeEvent:
    m_PersistentCalls:
      m_Calls: []
  AlwaysForceLocalize: 0
  LocalizeCallBack:
    Target: {fileID: 0}
    MethodName: 
  mGUI_ShowReferences: 0
  mGUI_ShowTems: 1
  mGUI_ShowCallback: 0
  mLocalizeTarget: {fileID: 0}
  mLocalizeTargetName: I2.Loc.LocalizeTarget_TextMeshPro_UGUI
--- !u!114 &7781519439074021229
MonoBehaviour:
  m_ObjectHideFlags: 0
  m_CorrespondingSourceObject: {fileID: 0}
  m_PrefabInstance: {fileID: 0}
  m_PrefabAsset: {fileID: 0}
  m_GameObject: {fileID: 2160442211359228206}
  m_Enabled: 1
  m_EditorHideFlags: 0
  m_Script: {fileID: 11500000, guid: 344445a89b4f74a0e9a0a766903df87e, type: 3}
  m_Name: 
  m_EditorClassIdentifier: 
  mTerm: UICommon/EVENT_NANOPASS
  mTermSecondary: 
  PrimaryTermModifier: 0
  SecondaryTermModifier: 0
  TermPrefix: 
  TermSuffix: 
  LocalizeOnAwake: 1
  IgnoreRTL: 0
  MaxCharactersInRTL: 0
  IgnoreNumbersInRTL: 1
  CorrectAlignmentForRTL: 1
  AddSpacesToJoinedLanguages: 0
  AllowLocalizedParameters: 1
  TranslatedObjects: []
  LocalizeEvent:
    m_PersistentCalls:
      m_Calls: []
  AlwaysForceLocalize: 0
  LocalizeCallBack:
    Target: {fileID: 0}
    MethodName: 
  mGUI_ShowReferences: 0
  mGUI_ShowTems: 1
  mGUI_ShowCallback: 0
  mLocalizeTarget: {fileID: 0}
  mLocalizeTargetName: I2.Loc.LocalizeTarget_TextMeshPro_UGUI
--- !u!114 &4207330416032758881
MonoBehaviour:
  m_ObjectHideFlags: 0
  m_CorrespondingSourceObject: {fileID: 0}
  m_PrefabInstance: {fileID: 0}
  m_PrefabAsset: {fileID: 0}
  m_GameObject: {fileID: 6344955873217960139}
  m_Enabled: 1
  m_EditorHideFlags: 0
  m_Script: {fileID: 11500000, guid: 344445a89b4f74a0e9a0a766903df87e, type: 3}
  m_Name: 
  m_EditorClassIdentifier: 
  mTerm: UICommon/EVENT_NANOPASS_AREA
  mTermSecondary: 
  PrimaryTermModifier: 0
  SecondaryTermModifier: 0
  TermPrefix: 
  TermSuffix: 
  LocalizeOnAwake: 1
  IgnoreRTL: 0
  MaxCharactersInRTL: 0
  IgnoreNumbersInRTL: 1
  CorrectAlignmentForRTL: 1
  AddSpacesToJoinedLanguages: 0
  AllowLocalizedParameters: 1
  TranslatedObjects: []
  LocalizeEvent:
    m_PersistentCalls:
      m_Calls: []
  AlwaysForceLocalize: 0
  LocalizeCallBack:
    Target: {fileID: 0}
    MethodName: 
  mGUI_ShowReferences: 0
  mGUI_ShowTems: 1
  mGUI_ShowCallback: 0
  mLocalizeTarget: {fileID: 0}
  mLocalizeTargetName: I2.Loc.LocalizeTarget_TextMeshPro_UGUI
--- !u!114 &7287942005052623930
MonoBehaviour:
  m_ObjectHideFlags: 0
  m_CorrespondingSourceObject: {fileID: 0}
  m_PrefabInstance: {fileID: 0}
  m_PrefabAsset: {fileID: 0}
  m_GameObject: {fileID: 6475653724683771894}
  m_Enabled: 1
  m_EditorHideFlags: 0
  m_Script: {fileID: 11500000, guid: 344445a89b4f74a0e9a0a766903df87e, type: 3}
  m_Name: 
  m_EditorClassIdentifier: 
  mTerm: UICommon/EVENT_NANOPASS_MESSAGE1
  mTermSecondary: 
  PrimaryTermModifier: 0
  SecondaryTermModifier: 0
  TermPrefix: 
  TermSuffix: 
  LocalizeOnAwake: 1
  IgnoreRTL: 0
  MaxCharactersInRTL: 0
  IgnoreNumbersInRTL: 1
  CorrectAlignmentForRTL: 1
  AddSpacesToJoinedLanguages: 0
  AllowLocalizedParameters: 1
  TranslatedObjects: []
  LocalizeEvent:
    m_PersistentCalls:
      m_Calls: []
  AlwaysForceLocalize: 0
  LocalizeCallBack:
    Target: {fileID: 0}
    MethodName: 
  mGUI_ShowReferences: 0
  mGUI_ShowTems: 1
  mGUI_ShowCallback: 0
  mLocalizeTarget: {fileID: 0}
  mLocalizeTargetName: I2.Loc.LocalizeTarget_TextMeshPro_UGUI
--- !u!114 &8353712315529313434
MonoBehaviour:
  m_ObjectHideFlags: 0
  m_CorrespondingSourceObject: {fileID: 0}
  m_PrefabInstance: {fileID: 0}
  m_PrefabAsset: {fileID: 0}
  m_GameObject: {fileID: 6475653724683771894}
  m_Enabled: 1
  m_EditorHideFlags: 0
  m_Script: {fileID: 11500000, guid: a5379d3aeaf18a24fa23c26a749edfe5, type: 3}
  m_Name: 
  m_EditorClassIdentifier: 
  _Terms: []
--- !u!114 &3558165912826608955
MonoBehaviour:
  m_ObjectHideFlags: 0
  m_CorrespondingSourceObject: {fileID: 0}
  m_PrefabInstance: {fileID: 0}
  m_PrefabAsset: {fileID: 0}
  m_GameObject: {fileID: 7055867404898362801}
  m_Enabled: 1
  m_EditorHideFlags: 0
  m_Script: {fileID: 11500000, guid: 344445a89b4f74a0e9a0a766903df87e, type: 3}
  m_Name: 
  m_EditorClassIdentifier: 
  mTerm: UICommon/EVENT_NANOPASS_RESOURCES
  mTermSecondary: 
  PrimaryTermModifier: 0
  SecondaryTermModifier: 0
  TermPrefix: 
  TermSuffix: 
  LocalizeOnAwake: 1
  IgnoreRTL: 0
  MaxCharactersInRTL: 0
  IgnoreNumbersInRTL: 1
  CorrectAlignmentForRTL: 1
  AddSpacesToJoinedLanguages: 0
  AllowLocalizedParameters: 1
  TranslatedObjects: []
  LocalizeEvent:
    m_PersistentCalls:
      m_Calls: []
  AlwaysForceLocalize: 0
  LocalizeCallBack:
    Target: {fileID: 0}
    MethodName: 
  mGUI_ShowReferences: 0
  mGUI_ShowTems: 1
  mGUI_ShowCallback: 0
  mLocalizeTarget: {fileID: 0}
  mLocalizeTargetName: I2.Loc.LocalizeTarget_TextMeshPro_UGUI
--- !u!114 &8687908437056116840
MonoBehaviour:
  m_ObjectHideFlags: 0
  m_CorrespondingSourceObject: {fileID: 0}
  m_PrefabInstance: {fileID: 0}
  m_PrefabAsset: {fileID: 0}
  m_GameObject: {fileID: 8926980873551000135}
  m_Enabled: 1
  m_EditorHideFlags: 0
  m_Script: {fileID: 11500000, guid: 344445a89b4f74a0e9a0a766903df87e, type: 3}
  m_Name: 
  m_EditorClassIdentifier: 
  mTerm: UICommon/EVENT_NANOPASS_MESSAGE2
  mTermSecondary: 
  PrimaryTermModifier: 0
  SecondaryTermModifier: 0
  TermPrefix: 
  TermSuffix: 
  LocalizeOnAwake: 1
  IgnoreRTL: 0
  MaxCharactersInRTL: 0
  IgnoreNumbersInRTL: 1
  CorrectAlignmentForRTL: 1
  AddSpacesToJoinedLanguages: 0
  AllowLocalizedParameters: 1
  TranslatedObjects: []
  LocalizeEvent:
    m_PersistentCalls:
      m_Calls: []
  AlwaysForceLocalize: 0
  LocalizeCallBack:
    Target: {fileID: 0}
    MethodName: 
  mGUI_ShowReferences: 0
  mGUI_ShowTems: 1
  mGUI_ShowCallback: 0
  mLocalizeTarget: {fileID: 0}
  mLocalizeTargetName: I2.Loc.LocalizeTarget_TextMeshPro_UGUI
--- !u!1001 &3975002742442199949
PrefabInstance:
  m_ObjectHideFlags: 0
  serializedVersion: 2
  m_Modification:
    m_TransformParent: {fileID: 4156850668557218173}
    m_Modifications:
    - target: {fileID: 386107854253074025, guid: 385bae25d83b33e4a9ba05d6003686bd,
        type: 3}
      propertyPath: m_Name
      value: OverlayPanel
      objectReference: {fileID: 0}
    - target: {fileID: 386107854253074025, guid: 385bae25d83b33e4a9ba05d6003686bd,
        type: 3}
      propertyPath: m_IsActive
      value: 1
      objectReference: {fileID: 0}
    - target: {fileID: 4547574895050658015, guid: 385bae25d83b33e4a9ba05d6003686bd,
        type: 3}
      propertyPath: m_Pivot.x
      value: 0.5
      objectReference: {fileID: 0}
    - target: {fileID: 4547574895050658015, guid: 385bae25d83b33e4a9ba05d6003686bd,
        type: 3}
      propertyPath: m_Pivot.y
      value: 0.5
      objectReference: {fileID: 0}
    - target: {fileID: 4547574895050658015, guid: 385bae25d83b33e4a9ba05d6003686bd,
        type: 3}
      propertyPath: m_RootOrder
      value: 0
      objectReference: {fileID: 0}
    - target: {fileID: 4547574895050658015, guid: 385bae25d83b33e4a9ba05d6003686bd,
        type: 3}
      propertyPath: m_AnchorMax.x
      value: 1
      objectReference: {fileID: 0}
    - target: {fileID: 4547574895050658015, guid: 385bae25d83b33e4a9ba05d6003686bd,
        type: 3}
      propertyPath: m_AnchorMax.y
      value: 1
      objectReference: {fileID: 0}
    - target: {fileID: 4547574895050658015, guid: 385bae25d83b33e4a9ba05d6003686bd,
        type: 3}
      propertyPath: m_AnchorMin.x
      value: 0
      objectReference: {fileID: 0}
    - target: {fileID: 4547574895050658015, guid: 385bae25d83b33e4a9ba05d6003686bd,
        type: 3}
      propertyPath: m_AnchorMin.y
      value: 0
      objectReference: {fileID: 0}
    - target: {fileID: 4547574895050658015, guid: 385bae25d83b33e4a9ba05d6003686bd,
        type: 3}
      propertyPath: m_SizeDelta.x
      value: 0
      objectReference: {fileID: 0}
    - target: {fileID: 4547574895050658015, guid: 385bae25d83b33e4a9ba05d6003686bd,
        type: 3}
      propertyPath: m_SizeDelta.y
      value: 0
      objectReference: {fileID: 0}
    - target: {fileID: 4547574895050658015, guid: 385bae25d83b33e4a9ba05d6003686bd,
        type: 3}
      propertyPath: m_LocalPosition.x
      value: 0
      objectReference: {fileID: 0}
    - target: {fileID: 4547574895050658015, guid: 385bae25d83b33e4a9ba05d6003686bd,
        type: 3}
      propertyPath: m_LocalPosition.y
      value: 0
      objectReference: {fileID: 0}
    - target: {fileID: 4547574895050658015, guid: 385bae25d83b33e4a9ba05d6003686bd,
        type: 3}
      propertyPath: m_LocalPosition.z
      value: 0
      objectReference: {fileID: 0}
    - target: {fileID: 4547574895050658015, guid: 385bae25d83b33e4a9ba05d6003686bd,
        type: 3}
      propertyPath: m_LocalRotation.w
      value: 1
      objectReference: {fileID: 0}
    - target: {fileID: 4547574895050658015, guid: 385bae25d83b33e4a9ba05d6003686bd,
        type: 3}
      propertyPath: m_LocalRotation.x
      value: -0
      objectReference: {fileID: 0}
    - target: {fileID: 4547574895050658015, guid: 385bae25d83b33e4a9ba05d6003686bd,
        type: 3}
      propertyPath: m_LocalRotation.y
      value: -0
      objectReference: {fileID: 0}
    - target: {fileID: 4547574895050658015, guid: 385bae25d83b33e4a9ba05d6003686bd,
        type: 3}
      propertyPath: m_LocalRotation.z
      value: -0
      objectReference: {fileID: 0}
    - target: {fileID: 4547574895050658015, guid: 385bae25d83b33e4a9ba05d6003686bd,
        type: 3}
      propertyPath: m_AnchoredPosition.x
      value: 0
      objectReference: {fileID: 0}
    - target: {fileID: 4547574895050658015, guid: 385bae25d83b33e4a9ba05d6003686bd,
        type: 3}
      propertyPath: m_AnchoredPosition.y
      value: 0
      objectReference: {fileID: 0}
    - target: {fileID: 4547574895050658015, guid: 385bae25d83b33e4a9ba05d6003686bd,
        type: 3}
      propertyPath: m_LocalEulerAnglesHint.x
      value: 0
      objectReference: {fileID: 0}
    - target: {fileID: 4547574895050658015, guid: 385bae25d83b33e4a9ba05d6003686bd,
        type: 3}
      propertyPath: m_LocalEulerAnglesHint.y
      value: 0
      objectReference: {fileID: 0}
    - target: {fileID: 4547574895050658015, guid: 385bae25d83b33e4a9ba05d6003686bd,
        type: 3}
      propertyPath: m_LocalEulerAnglesHint.z
      value: 0
      objectReference: {fileID: 0}
    m_RemovedComponents: []
  m_SourcePrefab: {fileID: 100100000, guid: 385bae25d83b33e4a9ba05d6003686bd, type: 3}
--- !u!224 &591713911716322130 stripped
RectTransform:
  m_CorrespondingSourceObject: {fileID: 4547574895050658015, guid: 385bae25d83b33e4a9ba05d6003686bd,
    type: 3}
  m_PrefabInstance: {fileID: 3975002742442199949}
  m_PrefabAsset: {fileID: 0}
--- !u!1001 &5652429796334627668
PrefabInstance:
  m_ObjectHideFlags: 0
  serializedVersion: 2
  m_Modification:
    m_TransformParent: {fileID: 4156850668557218173}
    m_Modifications:
    - target: {fileID: 1000010318236486, guid: d4a3e19a489d2fa4ebc4db15aa7d6cd3, type: 3}
      propertyPath: m_Name
      value: NanopassDescription
      objectReference: {fileID: 0}
    - target: {fileID: 224000012308038418, guid: d4a3e19a489d2fa4ebc4db15aa7d6cd3,
        type: 3}
      propertyPath: m_Pivot.x
      value: 0.5
      objectReference: {fileID: 0}
    - target: {fileID: 224000012308038418, guid: d4a3e19a489d2fa4ebc4db15aa7d6cd3,
        type: 3}
      propertyPath: m_Pivot.y
      value: 0.5
      objectReference: {fileID: 0}
    - target: {fileID: 224000012308038418, guid: d4a3e19a489d2fa4ebc4db15aa7d6cd3,
        type: 3}
      propertyPath: m_RootOrder
      value: 1
      objectReference: {fileID: 0}
    - target: {fileID: 224000012308038418, guid: d4a3e19a489d2fa4ebc4db15aa7d6cd3,
        type: 3}
      propertyPath: m_AnchorMax.x
      value: 1
      objectReference: {fileID: 0}
    - target: {fileID: 224000012308038418, guid: d4a3e19a489d2fa4ebc4db15aa7d6cd3,
        type: 3}
      propertyPath: m_AnchorMax.y
      value: 1
      objectReference: {fileID: 0}
    - target: {fileID: 224000012308038418, guid: d4a3e19a489d2fa4ebc4db15aa7d6cd3,
        type: 3}
      propertyPath: m_AnchorMin.x
      value: 0
      objectReference: {fileID: 0}
    - target: {fileID: 224000012308038418, guid: d4a3e19a489d2fa4ebc4db15aa7d6cd3,
        type: 3}
      propertyPath: m_AnchorMin.y
      value: 0
      objectReference: {fileID: 0}
    - target: {fileID: 224000012308038418, guid: d4a3e19a489d2fa4ebc4db15aa7d6cd3,
        type: 3}
      propertyPath: m_SizeDelta.x
      value: 0
      objectReference: {fileID: 0}
    - target: {fileID: 224000012308038418, guid: d4a3e19a489d2fa4ebc4db15aa7d6cd3,
        type: 3}
      propertyPath: m_SizeDelta.y
      value: 0
      objectReference: {fileID: 0}
    - target: {fileID: 224000012308038418, guid: d4a3e19a489d2fa4ebc4db15aa7d6cd3,
        type: 3}
      propertyPath: m_LocalPosition.x
      value: 0
      objectReference: {fileID: 0}
    - target: {fileID: 224000012308038418, guid: d4a3e19a489d2fa4ebc4db15aa7d6cd3,
        type: 3}
      propertyPath: m_LocalPosition.y
      value: 0
      objectReference: {fileID: 0}
    - target: {fileID: 224000012308038418, guid: d4a3e19a489d2fa4ebc4db15aa7d6cd3,
        type: 3}
      propertyPath: m_LocalPosition.z
      value: 0
      objectReference: {fileID: 0}
    - target: {fileID: 224000012308038418, guid: d4a3e19a489d2fa4ebc4db15aa7d6cd3,
        type: 3}
      propertyPath: m_LocalRotation.w
      value: 1
      objectReference: {fileID: 0}
    - target: {fileID: 224000012308038418, guid: d4a3e19a489d2fa4ebc4db15aa7d6cd3,
        type: 3}
      propertyPath: m_LocalRotation.x
      value: 0
      objectReference: {fileID: 0}
    - target: {fileID: 224000012308038418, guid: d4a3e19a489d2fa4ebc4db15aa7d6cd3,
        type: 3}
      propertyPath: m_LocalRotation.y
      value: 0
      objectReference: {fileID: 0}
    - target: {fileID: 224000012308038418, guid: d4a3e19a489d2fa4ebc4db15aa7d6cd3,
        type: 3}
      propertyPath: m_LocalRotation.z
      value: 0
      objectReference: {fileID: 0}
    - target: {fileID: 224000012308038418, guid: d4a3e19a489d2fa4ebc4db15aa7d6cd3,
        type: 3}
      propertyPath: m_AnchoredPosition.x
      value: 0
      objectReference: {fileID: 0}
    - target: {fileID: 224000012308038418, guid: d4a3e19a489d2fa4ebc4db15aa7d6cd3,
        type: 3}
      propertyPath: m_AnchoredPosition.y
      value: 0
      objectReference: {fileID: 0}
    - target: {fileID: 224000012308038418, guid: d4a3e19a489d2fa4ebc4db15aa7d6cd3,
        type: 3}
      propertyPath: m_LocalEulerAnglesHint.x
      value: 0
      objectReference: {fileID: 0}
    - target: {fileID: 224000012308038418, guid: d4a3e19a489d2fa4ebc4db15aa7d6cd3,
        type: 3}
      propertyPath: m_LocalEulerAnglesHint.y
      value: 0
      objectReference: {fileID: 0}
    - target: {fileID: 224000012308038418, guid: d4a3e19a489d2fa4ebc4db15aa7d6cd3,
        type: 3}
      propertyPath: m_LocalEulerAnglesHint.z
      value: 0
      objectReference: {fileID: 0}
    - target: {fileID: 1459680136369735359, guid: d4a3e19a489d2fa4ebc4db15aa7d6cd3,
        type: 3}
      propertyPath: m_text
      value: Resources
      objectReference: {fileID: 0}
    - target: {fileID: 2622690671251159185, guid: d4a3e19a489d2fa4ebc4db15aa7d6cd3,
        type: 3}
      propertyPath: m_IsActive
      value: 1
      objectReference: {fileID: 0}
    - target: {fileID: 3289711178759355333, guid: d4a3e19a489d2fa4ebc4db15aa7d6cd3,
        type: 3}
      propertyPath: m_text
      value: Land Expansion
      objectReference: {fileID: 0}
    - target: {fileID: 4173296014483140366, guid: d4a3e19a489d2fa4ebc4db15aa7d6cd3,
        type: 3}
      propertyPath: m_AnchorMax.x
      value: 0
      objectReference: {fileID: 0}
    - target: {fileID: 4173296014483140366, guid: d4a3e19a489d2fa4ebc4db15aa7d6cd3,
        type: 3}
      propertyPath: m_AnchorMax.y
      value: 0
      objectReference: {fileID: 0}
    - target: {fileID: 4173296014483140366, guid: d4a3e19a489d2fa4ebc4db15aa7d6cd3,
        type: 3}
      propertyPath: m_SizeDelta.x
      value: 0
      objectReference: {fileID: 0}
    - target: {fileID: 4173296014483140366, guid: d4a3e19a489d2fa4ebc4db15aa7d6cd3,
        type: 3}
      propertyPath: m_SizeDelta.y
      value: 0
      objectReference: {fileID: 0}
    - target: {fileID: 6954546594998830804, guid: d4a3e19a489d2fa4ebc4db15aa7d6cd3,
        type: 3}
      propertyPath: m_IsActive
      value: 1
      objectReference: {fileID: 0}
    - target: {fileID: 7654598564164842365, guid: d4a3e19a489d2fa4ebc4db15aa7d6cd3,
        type: 3}
      propertyPath: m_text
      value: Premium Pass
      objectReference: {fileID: 0}
    - target: {fileID: 8726906707710757147, guid: d4a3e19a489d2fa4ebc4db15aa7d6cd3,
        type: 3}
      propertyPath: m_Color.b
      value: 0.5471698
      objectReference: {fileID: 0}
    - target: {fileID: 8726906707710757147, guid: d4a3e19a489d2fa4ebc4db15aa7d6cd3,
        type: 3}
      propertyPath: m_Color.g
      value: 0.5471698
      objectReference: {fileID: 0}
    - target: {fileID: 8726906707710757147, guid: d4a3e19a489d2fa4ebc4db15aa7d6cd3,
        type: 3}
      propertyPath: m_Color.r
      value: 0.5471698
      objectReference: {fileID: 0}
    m_RemovedComponents: []
  m_SourcePrefab: {fileID: 100100000, guid: d4a3e19a489d2fa4ebc4db15aa7d6cd3, type: 3}
--- !u!1 &6344955873217960139 stripped
GameObject:
  m_CorrespondingSourceObject: {fileID: 1620373703541175199, guid: d4a3e19a489d2fa4ebc4db15aa7d6cd3,
    type: 3}
  m_PrefabInstance: {fileID: 5652429796334627668}
  m_PrefabAsset: {fileID: 0}
--- !u!1 &7055867404898362801 stripped
GameObject:
  m_CorrespondingSourceObject: {fileID: 3430068320578211557, guid: d4a3e19a489d2fa4ebc4db15aa7d6cd3,
    type: 3}
  m_PrefabInstance: {fileID: 5652429796334627668}
  m_PrefabAsset: {fileID: 0}
--- !u!1 &3010710440735301012 stripped
GameObject:
  m_CorrespondingSourceObject: {fileID: 7474083957123692224, guid: d4a3e19a489d2fa4ebc4db15aa7d6cd3,
    type: 3}
  m_PrefabInstance: {fileID: 5652429796334627668}
  m_PrefabAsset: {fileID: 0}
--- !u!1 &6475653724683771894 stripped
GameObject:
  m_CorrespondingSourceObject: {fileID: 1706673164881097890, guid: d4a3e19a489d2fa4ebc4db15aa7d6cd3,
    type: 3}
  m_PrefabInstance: {fileID: 5652429796334627668}
  m_PrefabAsset: {fileID: 0}
--- !u!1 &8926980873551000135 stripped
GameObject:
  m_CorrespondingSourceObject: {fileID: 3860278934971963667, guid: d4a3e19a489d2fa4ebc4db15aa7d6cd3,
    type: 3}
  m_PrefabInstance: {fileID: 5652429796334627668}
  m_PrefabAsset: {fileID: 0}
--- !u!1 &7643978244126675909 stripped
GameObject:
  m_CorrespondingSourceObject: {fileID: 2622690671251159185, guid: d4a3e19a489d2fa4ebc4db15aa7d6cd3,
    type: 3}
  m_PrefabInstance: {fileID: 5652429796334627668}
  m_PrefabAsset: {fileID: 0}
--- !u!114 &2997588340863754571 stripped
MonoBehaviour:
  m_CorrespondingSourceObject: {fileID: 7487485367123347999, guid: d4a3e19a489d2fa4ebc4db15aa7d6cd3,
    type: 3}
  m_PrefabInstance: {fileID: 5652429796334627668}
  m_PrefabAsset: {fileID: 0}
  m_GameObject: {fileID: 0}
  m_Enabled: 1
  m_EditorHideFlags: 0
  m_Script: {fileID: 11500000, guid: 4e29b1a8efbd4b44bb3f3716e73f07ff, type: 3}
  m_Name: 
  m_EditorClassIdentifier: 
--- !u!114 &2763451305969730746 stripped
MonoBehaviour:
  m_CorrespondingSourceObject: {fileID: 7505449585749372910, guid: d4a3e19a489d2fa4ebc4db15aa7d6cd3,
    type: 3}
  m_PrefabInstance: {fileID: 5652429796334627668}
  m_PrefabAsset: {fileID: 0}
  m_GameObject: {fileID: 0}
  m_Enabled: 1
  m_EditorHideFlags: 0
  m_Script: {fileID: 11500000, guid: f4688fdb7df04437aeb418b961361dc5, type: 3}
  m_Name: 
  m_EditorClassIdentifier: 
--- !u!114 &290740868601825426 stripped
MonoBehaviour:
  m_CorrespondingSourceObject: {fileID: 5366493827994002374, guid: d4a3e19a489d2fa4ebc4db15aa7d6cd3,
    type: 3}
  m_PrefabInstance: {fileID: 5652429796334627668}
  m_PrefabAsset: {fileID: 0}
  m_GameObject: {fileID: 0}
  m_Enabled: 1
  m_EditorHideFlags: 0
  m_Script: {fileID: 11500000, guid: 4e29b1a8efbd4b44bb3f3716e73f07ff, type: 3}
  m_Name: 
  m_EditorClassIdentifier: 
--- !u!1 &1724339300524422571 stripped
GameObject:
  m_CorrespondingSourceObject: {fileID: 6457989820137021183, guid: d4a3e19a489d2fa4ebc4db15aa7d6cd3,
    type: 3}
  m_PrefabInstance: {fileID: 5652429796334627668}
  m_PrefabAsset: {fileID: 0}
--- !u!224 &5578473540500205284 stripped
RectTransform:
  m_CorrespondingSourceObject: {fileID: 224000010947511728, guid: d4a3e19a489d2fa4ebc4db15aa7d6cd3,
    type: 3}
  m_PrefabInstance: {fileID: 5652429796334627668}
  m_PrefabAsset: {fileID: 0}
--- !u!1 &2160442211359228206 stripped
GameObject:
  m_CorrespondingSourceObject: {fileID: 6019650571286899322, guid: d4a3e19a489d2fa4ebc4db15aa7d6cd3,
    type: 3}
  m_PrefabInstance: {fileID: 5652429796334627668}
  m_PrefabAsset: {fileID: 0}
--- !u!114 &3519216970795293508 stripped
MonoBehaviour:
  m_CorrespondingSourceObject: {fileID: 9126460823338512400, guid: d4a3e19a489d2fa4ebc4db15aa7d6cd3,
    type: 3}
  m_PrefabInstance: {fileID: 5652429796334627668}
  m_PrefabAsset: {fileID: 0}
  m_GameObject: {fileID: 2160442211359228206}
  m_Enabled: 1
  m_EditorHideFlags: 0
  m_Script: {fileID: 11500000, guid: f4688fdb7df04437aeb418b961361dc5, type: 3}
  m_Name: 
  m_EditorClassIdentifier: 
--- !u!224 &5578473539169036358 stripped
RectTransform:
  m_CorrespondingSourceObject: {fileID: 224000012308038418, guid: d4a3e19a489d2fa4ebc4db15aa7d6cd3,
    type: 3}
  m_PrefabInstance: {fileID: 5652429796334627668}
  m_PrefabAsset: {fileID: 0}
--- !u!1 &5074204444128316058 stripped
GameObject:
  m_CorrespondingSourceObject: {fileID: 583854957021749710, guid: d4a3e19a489d2fa4ebc4db15aa7d6cd3,
    type: 3}
  m_PrefabInstance: {fileID: 5652429796334627668}
  m_PrefabAsset: {fileID: 0}
--- !u!1 &936808117681177977 stripped
GameObject:
  m_CorrespondingSourceObject: {fileID: 4859736901257342509, guid: d4a3e19a489d2fa4ebc4db15aa7d6cd3,
    type: 3}
  m_PrefabInstance: {fileID: 5652429796334627668}
  m_PrefabAsset: {fileID: 0}
