%YAML 1.1
%TAG !u! tag:unity3d.com,2011:
--- !u!1 &4227490690947294041
GameObject:
  m_ObjectHideFlags: 0
  m_CorrespondingSourceObject: {fileID: 0}
  m_PrefabInstance: {fileID: 0}
  m_PrefabAsset: {fileID: 0}
  serializedVersion: 6
  m_Component:
  - component: {fileID: 4156850668557218173}
  - component: {fileID: 4159194397976355643}
  - component: {fileID: 5831197995899156153}
  - component: {fileID: 4267559692450960147}
  - component: {fileID: 4267564688214098727}
  - component: {fileID: 4267240868044363877}
  m_Layer: 5
  m_Name: PreEventPopup
  m_TagString: Untagged
  m_Icon: {fileID: 0}
  m_NavMeshLayer: 0
  m_StaticEditorFlags: 0
  m_IsActive: 1
--- !u!224 &4156850668557218173
RectTransform:
  m_ObjectHideFlags: 0
  m_CorrespondingSourceObject: {fileID: 0}
  m_PrefabInstance: {fileID: 0}
  m_PrefabAsset: {fileID: 0}
  m_GameObject: {fileID: 4227490690947294041}
  m_LocalRotation: {x: -0, y: -0, z: -0, w: 1}
  m_LocalPosition: {x: 0, y: 0, z: 0}
  m_LocalScale: {x: 1, y: 1, z: 1}
  m_Children:
  - {fileID: 591713911716322130}
  - {fileID: 4157672552678850251}
  m_Father: {fileID: 0}
  m_RootOrder: 0
  m_LocalEulerAnglesHint: {x: 0, y: 0, z: 0}
  m_AnchorMin: {x: 0, y: 0}
  m_AnchorMax: {x: 1, y: 1}
  m_AnchoredPosition: {x: 0, y: 0}
  m_SizeDelta: {x: 0, y: 0}
  m_Pivot: {x: 0.5, y: 0.5}
--- !u!222 &4159194397976355643
CanvasRenderer:
  m_ObjectHideFlags: 0
  m_CorrespondingSourceObject: {fileID: 0}
  m_PrefabInstance: {fileID: 0}
  m_PrefabAsset: {fileID: 0}
  m_GameObject: {fileID: 4227490690947294041}
  m_CullTransparentMesh: 0
--- !u!114 &5831197995899156153
MonoBehaviour:
  m_ObjectHideFlags: 0
  m_CorrespondingSourceObject: {fileID: 0}
  m_PrefabInstance: {fileID: 0}
  m_PrefabAsset: {fileID: 0}
  m_GameObject: {fileID: 4227490690947294041}
  m_Enabled: 1
  m_EditorHideFlags: 0
  m_Script: {fileID: 11500000, guid: 350ec6643e758224ebf2fe6143dd06ed, type: 3}
  m_Name: 
  m_EditorClassIdentifier: 
  _openMode: 8
  _buttonsToEnableDisable: []
  _togglesToEnableDisable: []
  IsAutoClosing: 0
  _timer: {fileID: 3771276916404408895}
  _levelNumber: {fileID: 1274188987306585496}
  _animator: {fileID: 4519895519054199775}
  _closeButton: {fileID: 8880377536289977205}
  _levelRequirements: {fileID: 4519895517123535083}
  _info: {fileID: 1880217857909382466}
  _timerGameObject: {fileID: 3771276915813559418}
--- !u!114 &4267559692450960147
MonoBehaviour:
  m_ObjectHideFlags: 0
  m_CorrespondingSourceObject: {fileID: 0}
  m_PrefabInstance: {fileID: 0}
  m_PrefabAsset: {fileID: 0}
  m_GameObject: {fileID: 4227490690947294041}
  m_Enabled: 1
  m_EditorHideFlags: 0
  m_Script: {fileID: 11500000, guid: 9e25ce728e2a01f47a7d2de714610c09, type: 3}
  m_Name: 
  m_EditorClassIdentifier: 
  _effectMode: 0
  PlayOnStart: 0
  CancelOnDisable: 1
  SubEffectsPlayMode: 0
  subEffects: []
  _target: {fileID: 4157672552678850251}
  _animationPlayTime: 0.2
  _scaleMode: 0
  ScaleAnimationCurve:
    serializedVersion: 2
    m_Curve:
    - serializedVersion: 3
      time: 0
      value: 0.3
      inSlope: 0
      outSlope: 0.7
      tangentMode: 0
      weightedMode: 0
      inWeight: 0.33333334
      outWeight: 0.33333334
    - serializedVersion: 3
      time: 1
      value: 1
      inSlope: 0.7
      outSlope: 0
      tangentMode: 0
      weightedMode: 0
      inWeight: 0.33333334
      outWeight: 0.33333334
    m_PreInfinity: 2
    m_PostInfinity: 2
    m_RotationOrder: 4
  CustomBaseVector: {x: 1, y: 1, z: 1}
--- !u!114 &4267564688214098727
MonoBehaviour:
  m_ObjectHideFlags: 0
  m_CorrespondingSourceObject: {fileID: 0}
  m_PrefabInstance: {fileID: 0}
  m_PrefabAsset: {fileID: 0}
  m_GameObject: {fileID: 4227490690947294041}
  m_Enabled: 1
  m_EditorHideFlags: 0
  m_Script: {fileID: 11500000, guid: fc864396098b75d49bc6be6ea25b9af7, type: 3}
  m_Name: 
  m_EditorClassIdentifier: 
  _effectMode: 0
  PlayOnStart: 0
  CancelOnDisable: 1
  SubEffectsPlayMode: 0
  subEffects:
  - {fileID: 4267559692450960147}
--- !u!114 &4267240868044363877
MonoBehaviour:
  m_ObjectHideFlags: 0
  m_CorrespondingSourceObject: {fileID: 0}
  m_PrefabInstance: {fileID: 0}
  m_PrefabAsset: {fileID: 0}
  m_GameObject: {fileID: 4227490690947294041}
  m_Enabled: 1
  m_EditorHideFlags: 0
  m_Script: {fileID: 11500000, guid: c1e32799ef1b5314ca7e21393d53dc79, type: 3}
  m_Name: 
  m_EditorClassIdentifier: 
  _effectMode: 0
  PlayOnStart: 0
  CancelOnDisable: 1
  SubEffectsPlayMode: 0
  subEffects:
  - {fileID: 4267559692450960147}
--- !u!1 &4227549737173741201
GameObject:
  m_ObjectHideFlags: 0
  m_CorrespondingSourceObject: {fileID: 0}
  m_PrefabInstance: {fileID: 0}
  m_PrefabAsset: {fileID: 0}
  serializedVersion: 6
  m_Component:
  - component: {fileID: 4157672552678850251}
  m_Layer: 5
  m_Name: Root
  m_TagString: Untagged
  m_Icon: {fileID: 0}
  m_NavMeshLayer: 0
  m_StaticEditorFlags: 0
  m_IsActive: 1
--- !u!224 &4157672552678850251
RectTransform:
  m_ObjectHideFlags: 0
  m_CorrespondingSourceObject: {fileID: 0}
  m_PrefabInstance: {fileID: 0}
  m_PrefabAsset: {fileID: 0}
  m_GameObject: {fileID: 4227549737173741201}
  m_LocalRotation: {x: 0, y: 0, z: 0, w: 1}
  m_LocalPosition: {x: 0, y: 0, z: 0}
  m_LocalScale: {x: 1, y: 1, z: 1}
  m_Children:
  - {fileID: 4519895519054199774}
  m_Father: {fileID: 4156850668557218173}
  m_RootOrder: 1
  m_LocalEulerAnglesHint: {x: 0, y: 0, z: 0}
  m_AnchorMin: {x: 0, y: 0}
  m_AnchorMax: {x: 1, y: 1}
  m_AnchoredPosition: {x: 0, y: 0}
  m_SizeDelta: {x: 0, y: 0}
  m_Pivot: {x: 0.5, y: 0.5}
--- !u!114 &163729353425040230
MonoBehaviour:
  m_ObjectHideFlags: 0
  m_CorrespondingSourceObject: {fileID: 0}
  m_PrefabInstance: {fileID: 0}
  m_PrefabAsset: {fileID: 0}
  m_GameObject: {fileID: 4519895517412070666}
  m_Enabled: 1
  m_EditorHideFlags: 0
  m_Script: {fileID: 11500000, guid: 344445a89b4f74a0e9a0a766903df87e, type: 3}
  m_Name: 
  m_EditorClassIdentifier: 
  mTerm: UICommon/EVENTS_PRE_EVENT_BODY
  mTermSecondary: 
  PrimaryTermModifier: 0
  SecondaryTermModifier: 0
  TermPrefix: 
  TermSuffix: 
  LocalizeOnAwake: 1
  IgnoreRTL: 0
  MaxCharactersInRTL: 0
  IgnoreNumbersInRTL: 1
  CorrectAlignmentForRTL: 1
  AddSpacesToJoinedLanguages: 0
  AllowLocalizedParameters: 1
  TranslatedObjects: []
  LocalizeEvent:
    m_PersistentCalls:
      m_Calls: []
  AlwaysForceLocalize: 0
  LocalizeCallBack:
    Target: {fileID: 0}
    MethodName: 
  mGUI_ShowReferences: 0
  mGUI_ShowTems: 1
  mGUI_ShowCallback: 0
  mLocalizeTarget: {fileID: 0}
  mLocalizeTargetName: I2.Loc.LocalizeTarget_TextMeshPro_UGUI
--- !u!114 &9176188843656823946
MonoBehaviour:
  m_ObjectHideFlags: 0
  m_CorrespondingSourceObject: {fileID: 0}
  m_PrefabInstance: {fileID: 0}
  m_PrefabAsset: {fileID: 0}
  m_GameObject: {fileID: 4519895517756887189}
  m_Enabled: 1
  m_EditorHideFlags: 0
  m_Script: {fileID: 11500000, guid: 344445a89b4f74a0e9a0a766903df87e, type: 3}
  m_Name: 
  m_EditorClassIdentifier: 
  mTerm: UICommon/EVENTS_PURCHASE_AND_CONGRATS_BONUS_COUNT
  mTermSecondary: 
  PrimaryTermModifier: 0
  SecondaryTermModifier: 0
  TermPrefix: 
  TermSuffix: 
  LocalizeOnAwake: 1
  IgnoreRTL: 0
  MaxCharactersInRTL: 0
  IgnoreNumbersInRTL: 1
  CorrectAlignmentForRTL: 1
  AddSpacesToJoinedLanguages: 0
  AllowLocalizedParameters: 1
  TranslatedObjects: []
  LocalizeEvent:
    m_PersistentCalls:
      m_Calls: []
  AlwaysForceLocalize: 0
  LocalizeCallBack:
    Target: {fileID: 0}
    MethodName: 
  mGUI_ShowReferences: 0
  mGUI_ShowTems: 1
  mGUI_ShowCallback: 0
  mLocalizeTarget: {fileID: 0}
  mLocalizeTargetName: I2.Loc.LocalizeTarget_TextMeshPro_UGUI
--- !u!114 &5042158175800448510
MonoBehaviour:
  m_ObjectHideFlags: 0
  m_CorrespondingSourceObject: {fileID: 0}
  m_PrefabInstance: {fileID: 0}
  m_PrefabAsset: {fileID: 0}
  m_GameObject: {fileID: 4519895518065503543}
  m_Enabled: 1
  m_EditorHideFlags: 0
  m_Script: {fileID: 11500000, guid: 344445a89b4f74a0e9a0a766903df87e, type: 3}
  m_Name: 
  m_EditorClassIdentifier: 
  mTerm: UICommon/EVENTS_PRE_EVENT_HEADER
  mTermSecondary: 
  PrimaryTermModifier: 0
  SecondaryTermModifier: 0
  TermPrefix: 
  TermSuffix: 
  LocalizeOnAwake: 1
  IgnoreRTL: 0
  MaxCharactersInRTL: 0
  IgnoreNumbersInRTL: 1
  CorrectAlignmentForRTL: 1
  AddSpacesToJoinedLanguages: 0
  AllowLocalizedParameters: 1
  TranslatedObjects: []
  LocalizeEvent:
    m_PersistentCalls:
      m_Calls: []
  AlwaysForceLocalize: 0
  LocalizeCallBack:
    Target: {fileID: 0}
    MethodName: 
  mGUI_ShowReferences: 0
  mGUI_ShowTems: 1
  mGUI_ShowCallback: 0
  mLocalizeTarget: {fileID: 0}
  mLocalizeTargetName: I2.Loc.LocalizeTarget_TextMeshPro_UGUI
--- !u!114 &8300653303685818276
MonoBehaviour:
  m_ObjectHideFlags: 0
  m_CorrespondingSourceObject: {fileID: 0}
  m_PrefabInstance: {fileID: 0}
  m_PrefabAsset: {fileID: 0}
  m_GameObject: {fileID: 4519895518150345150}
  m_Enabled: 1
  m_EditorHideFlags: 0
  m_Script: {fileID: 11500000, guid: 344445a89b4f74a0e9a0a766903df87e, type: 3}
  m_Name: 
  m_EditorClassIdentifier: 
  mTerm: UICommon/EVENTS_PRE_EVENT_LEVEL
  mTermSecondary: 
  PrimaryTermModifier: 0
  SecondaryTermModifier: 0
  TermPrefix: 
  TermSuffix: 
  LocalizeOnAwake: 1
  IgnoreRTL: 0
  MaxCharactersInRTL: 0
  IgnoreNumbersInRTL: 1
  CorrectAlignmentForRTL: 1
  AddSpacesToJoinedLanguages: 0
  AllowLocalizedParameters: 1
  TranslatedObjects: []
  LocalizeEvent:
    m_PersistentCalls:
      m_Calls: []
  AlwaysForceLocalize: 0
  LocalizeCallBack:
    Target: {fileID: 0}
    MethodName: 
  mGUI_ShowReferences: 0
  mGUI_ShowTems: 1
  mGUI_ShowCallback: 0
  mLocalizeTarget: {fileID: 0}
  mLocalizeTargetName: I2.Loc.LocalizeTarget_TextMeshPro_UGUI
--- !u!114 &7968739053267576420
MonoBehaviour:
  m_ObjectHideFlags: 0
  m_CorrespondingSourceObject: {fileID: 0}
  m_PrefabInstance: {fileID: 0}
  m_PrefabAsset: {fileID: 0}
  m_GameObject: {fileID: 4519895518799341820}
  m_Enabled: 1
  m_EditorHideFlags: 0
  m_Script: {fileID: 11500000, guid: f105010ab7b4b774fb1aa55a8af8f841, type: 3}
  m_Name: 
  m_EditorClassIdentifier: 
  _fixOption: 0
  _valueToMove: 40
--- !u!114 &8486386728413418896
MonoBehaviour:
  m_ObjectHideFlags: 0
  m_CorrespondingSourceObject: {fileID: 0}
  m_PrefabInstance: {fileID: 0}
  m_PrefabAsset: {fileID: 0}
  m_GameObject: {fileID: 4519895518799341820}
  m_Enabled: 1
  m_EditorHideFlags: 0
  m_Script: {fileID: 11500000, guid: 344445a89b4f74a0e9a0a766903df87e, type: 3}
  m_Name: 
  m_EditorClassIdentifier: 
  mTerm: UICommon/EVENTS_PRE_EVENT_HEADER
  mTermSecondary: 
  PrimaryTermModifier: 0
  SecondaryTermModifier: 0
  TermPrefix: 
  TermSuffix: 
  LocalizeOnAwake: 1
  IgnoreRTL: 0
  MaxCharactersInRTL: 0
  IgnoreNumbersInRTL: 1
  CorrectAlignmentForRTL: 1
  AddSpacesToJoinedLanguages: 0
  AllowLocalizedParameters: 1
  TranslatedObjects: []
  LocalizeEvent:
    m_PersistentCalls:
      m_Calls: []
  AlwaysForceLocalize: 0
  LocalizeCallBack:
    Target: {fileID: 0}
    MethodName: 
  mGUI_ShowReferences: 0
  mGUI_ShowTems: 1
  mGUI_ShowCallback: 0
  mLocalizeTarget: {fileID: 0}
  mLocalizeTargetName: I2.Loc.LocalizeTarget_TextMeshPro_UGUI
--- !u!114 &7425746278965133084
MonoBehaviour:
  m_ObjectHideFlags: 0
  m_CorrespondingSourceObject: {fileID: 0}
  m_PrefabInstance: {fileID: 0}
  m_PrefabAsset: {fileID: 0}
  m_GameObject: {fileID: 4519895518818139126}
  m_Enabled: 1
  m_EditorHideFlags: 0
  m_Script: {fileID: 11500000, guid: 344445a89b4f74a0e9a0a766903df87e, type: 3}
  m_Name: 
  m_EditorClassIdentifier: 
  mTerm: UICommon/EVENTS_PURCHASE_AND_CONGRATS_DAY
  mTermSecondary: 
  PrimaryTermModifier: 0
  SecondaryTermModifier: 0
  TermPrefix: 
  TermSuffix: 
  LocalizeOnAwake: 1
  IgnoreRTL: 0
  MaxCharactersInRTL: 0
  IgnoreNumbersInRTL: 1
  CorrectAlignmentForRTL: 1
  AddSpacesToJoinedLanguages: 0
  AllowLocalizedParameters: 1
  TranslatedObjects: []
  LocalizeEvent:
    m_PersistentCalls:
      m_Calls: []
  AlwaysForceLocalize: 0
  LocalizeCallBack:
    Target: {fileID: 0}
    MethodName: 
  mGUI_ShowReferences: 0
  mGUI_ShowTems: 1
  mGUI_ShowCallback: 0
  mLocalizeTarget: {fileID: 0}
  mLocalizeTargetName: I2.Loc.LocalizeTarget_TextMeshPro_UGUI
--- !u!1001 &3975002742442199949
PrefabInstance:
  m_ObjectHideFlags: 0
  serializedVersion: 2
  m_Modification:
    m_TransformParent: {fileID: 4156850668557218173}
    m_Modifications:
    - target: {fileID: 386107854253074025, guid: 385bae25d83b33e4a9ba05d6003686bd,
        type: 3}
      propertyPath: m_Name
      value: OverlayPanel
      objectReference: {fileID: 0}
    - target: {fileID: 386107854253074025, guid: 385bae25d83b33e4a9ba05d6003686bd,
        type: 3}
      propertyPath: m_IsActive
      value: 0
      objectReference: {fileID: 0}
    - target: {fileID: 4547574895050658015, guid: 385bae25d83b33e4a9ba05d6003686bd,
        type: 3}
      propertyPath: m_Pivot.x
      value: 0.5
      objectReference: {fileID: 0}
    - target: {fileID: 4547574895050658015, guid: 385bae25d83b33e4a9ba05d6003686bd,
        type: 3}
      propertyPath: m_Pivot.y
      value: 0.5
      objectReference: {fileID: 0}
    - target: {fileID: 4547574895050658015, guid: 385bae25d83b33e4a9ba05d6003686bd,
        type: 3}
      propertyPath: m_RootOrder
      value: 0
      objectReference: {fileID: 0}
    - target: {fileID: 4547574895050658015, guid: 385bae25d83b33e4a9ba05d6003686bd,
        type: 3}
      propertyPath: m_AnchorMax.x
      value: 1
      objectReference: {fileID: 0}
    - target: {fileID: 4547574895050658015, guid: 385bae25d83b33e4a9ba05d6003686bd,
        type: 3}
      propertyPath: m_AnchorMax.y
      value: 1
      objectReference: {fileID: 0}
    - target: {fileID: 4547574895050658015, guid: 385bae25d83b33e4a9ba05d6003686bd,
        type: 3}
      propertyPath: m_AnchorMin.x
      value: 0
      objectReference: {fileID: 0}
    - target: {fileID: 4547574895050658015, guid: 385bae25d83b33e4a9ba05d6003686bd,
        type: 3}
      propertyPath: m_AnchorMin.y
      value: 0
      objectReference: {fileID: 0}
    - target: {fileID: 4547574895050658015, guid: 385bae25d83b33e4a9ba05d6003686bd,
        type: 3}
      propertyPath: m_SizeDelta.x
      value: 0
      objectReference: {fileID: 0}
    - target: {fileID: 4547574895050658015, guid: 385bae25d83b33e4a9ba05d6003686bd,
        type: 3}
      propertyPath: m_SizeDelta.y
      value: 0
      objectReference: {fileID: 0}
    - target: {fileID: 4547574895050658015, guid: 385bae25d83b33e4a9ba05d6003686bd,
        type: 3}
      propertyPath: m_LocalPosition.x
      value: 0
      objectReference: {fileID: 0}
    - target: {fileID: 4547574895050658015, guid: 385bae25d83b33e4a9ba05d6003686bd,
        type: 3}
      propertyPath: m_LocalPosition.y
      value: 0
      objectReference: {fileID: 0}
    - target: {fileID: 4547574895050658015, guid: 385bae25d83b33e4a9ba05d6003686bd,
        type: 3}
      propertyPath: m_LocalPosition.z
      value: 0
      objectReference: {fileID: 0}
    - target: {fileID: 4547574895050658015, guid: 385bae25d83b33e4a9ba05d6003686bd,
        type: 3}
      propertyPath: m_LocalRotation.w
      value: 1
      objectReference: {fileID: 0}
    - target: {fileID: 4547574895050658015, guid: 385bae25d83b33e4a9ba05d6003686bd,
        type: 3}
      propertyPath: m_LocalRotation.x
      value: -0
      objectReference: {fileID: 0}
    - target: {fileID: 4547574895050658015, guid: 385bae25d83b33e4a9ba05d6003686bd,
        type: 3}
      propertyPath: m_LocalRotation.y
      value: -0
      objectReference: {fileID: 0}
    - target: {fileID: 4547574895050658015, guid: 385bae25d83b33e4a9ba05d6003686bd,
        type: 3}
      propertyPath: m_LocalRotation.z
      value: -0
      objectReference: {fileID: 0}
    - target: {fileID: 4547574895050658015, guid: 385bae25d83b33e4a9ba05d6003686bd,
        type: 3}
      propertyPath: m_AnchoredPosition.x
      value: 0
      objectReference: {fileID: 0}
    - target: {fileID: 4547574895050658015, guid: 385bae25d83b33e4a9ba05d6003686bd,
        type: 3}
      propertyPath: m_AnchoredPosition.y
      value: 0
      objectReference: {fileID: 0}
    - target: {fileID: 4547574895050658015, guid: 385bae25d83b33e4a9ba05d6003686bd,
        type: 3}
      propertyPath: m_LocalEulerAnglesHint.x
      value: 0
      objectReference: {fileID: 0}
    - target: {fileID: 4547574895050658015, guid: 385bae25d83b33e4a9ba05d6003686bd,
        type: 3}
      propertyPath: m_LocalEulerAnglesHint.y
      value: 0
      objectReference: {fileID: 0}
    - target: {fileID: 4547574895050658015, guid: 385bae25d83b33e4a9ba05d6003686bd,
        type: 3}
      propertyPath: m_LocalEulerAnglesHint.z
      value: 0
      objectReference: {fileID: 0}
    m_RemovedComponents: []
  m_SourcePrefab: {fileID: 100100000, guid: 385bae25d83b33e4a9ba05d6003686bd, type: 3}
--- !u!224 &591713911716322130 stripped
RectTransform:
  m_CorrespondingSourceObject: {fileID: 4547574895050658015, guid: 385bae25d83b33e4a9ba05d6003686bd,
    type: 3}
  m_PrefabInstance: {fileID: 3975002742442199949}
  m_PrefabAsset: {fileID: 0}
--- !u!1001 &8658465594238459105
PrefabInstance:
  m_ObjectHideFlags: 0
  serializedVersion: 2
  m_Modification:
    m_TransformParent: {fileID: 4157672552678850251}
    m_Modifications:
    - target: {fileID: 49067526452247315, guid: a56b014b7456db24ebd65308b8fd3051,
        type: 3}
      propertyPath: mTerm
      value: UICommon/EVENTS_PRE_EVENT_TIMER_LABEL
      objectReference: {fileID: 0}
    - target: {fileID: 49067526452247315, guid: a56b014b7456db24ebd65308b8fd3051,
        type: 3}
      propertyPath: mLocalizeTarget
      value: 
      objectReference: {fileID: 0}
    - target: {fileID: 5084820799531302581, guid: a56b014b7456db24ebd65308b8fd3051,
        type: 3}
      propertyPath: m_IsActive
      value: 1
      objectReference: {fileID: 0}
    - target: {fileID: 5084820799817033532, guid: a56b014b7456db24ebd65308b8fd3051,
        type: 3}
      propertyPath: m_Name
      value: PreEvent
      objectReference: {fileID: 0}
    - target: {fileID: 5084820799817033535, guid: a56b014b7456db24ebd65308b8fd3051,
        type: 3}
      propertyPath: m_Pivot.x
      value: 0.5
      objectReference: {fileID: 0}
    - target: {fileID: 5084820799817033535, guid: a56b014b7456db24ebd65308b8fd3051,
        type: 3}
      propertyPath: m_Pivot.y
      value: 0.5
      objectReference: {fileID: 0}
    - target: {fileID: 5084820799817033535, guid: a56b014b7456db24ebd65308b8fd3051,
        type: 3}
      propertyPath: m_RootOrder
      value: 0
      objectReference: {fileID: 0}
    - target: {fileID: 5084820799817033535, guid: a56b014b7456db24ebd65308b8fd3051,
        type: 3}
      propertyPath: m_AnchorMax.x
      value: 1
      objectReference: {fileID: 0}
    - target: {fileID: 5084820799817033535, guid: a56b014b7456db24ebd65308b8fd3051,
        type: 3}
      propertyPath: m_AnchorMax.y
      value: 1
      objectReference: {fileID: 0}
    - target: {fileID: 5084820799817033535, guid: a56b014b7456db24ebd65308b8fd3051,
        type: 3}
      propertyPath: m_AnchorMin.x
      value: 0
      objectReference: {fileID: 0}
    - target: {fileID: 5084820799817033535, guid: a56b014b7456db24ebd65308b8fd3051,
        type: 3}
      propertyPath: m_AnchorMin.y
      value: 0
      objectReference: {fileID: 0}
    - target: {fileID: 5084820799817033535, guid: a56b014b7456db24ebd65308b8fd3051,
        type: 3}
      propertyPath: m_SizeDelta.x
      value: 0
      objectReference: {fileID: 0}
    - target: {fileID: 5084820799817033535, guid: a56b014b7456db24ebd65308b8fd3051,
        type: 3}
      propertyPath: m_SizeDelta.y
      value: 0
      objectReference: {fileID: 0}
    - target: {fileID: 5084820799817033535, guid: a56b014b7456db24ebd65308b8fd3051,
        type: 3}
      propertyPath: m_LocalPosition.x
      value: 0
      objectReference: {fileID: 0}
    - target: {fileID: 5084820799817033535, guid: a56b014b7456db24ebd65308b8fd3051,
        type: 3}
      propertyPath: m_LocalPosition.y
      value: 0
      objectReference: {fileID: 0}
    - target: {fileID: 5084820799817033535, guid: a56b014b7456db24ebd65308b8fd3051,
        type: 3}
      propertyPath: m_LocalPosition.z
      value: 0
      objectReference: {fileID: 0}
    - target: {fileID: 5084820799817033535, guid: a56b014b7456db24ebd65308b8fd3051,
        type: 3}
      propertyPath: m_LocalRotation.w
      value: 1
      objectReference: {fileID: 0}
    - target: {fileID: 5084820799817033535, guid: a56b014b7456db24ebd65308b8fd3051,
        type: 3}
      propertyPath: m_LocalRotation.x
      value: -0
      objectReference: {fileID: 0}
    - target: {fileID: 5084820799817033535, guid: a56b014b7456db24ebd65308b8fd3051,
        type: 3}
      propertyPath: m_LocalRotation.y
      value: -0
      objectReference: {fileID: 0}
    - target: {fileID: 5084820799817033535, guid: a56b014b7456db24ebd65308b8fd3051,
        type: 3}
      propertyPath: m_LocalRotation.z
      value: -0
      objectReference: {fileID: 0}
    - target: {fileID: 5084820799817033535, guid: a56b014b7456db24ebd65308b8fd3051,
        type: 3}
      propertyPath: m_AnchoredPosition.x
      value: 0
      objectReference: {fileID: 0}
    - target: {fileID: 5084820799817033535, guid: a56b014b7456db24ebd65308b8fd3051,
        type: 3}
      propertyPath: m_AnchoredPosition.y
      value: 0
      objectReference: {fileID: 0}
    - target: {fileID: 5084820799817033535, guid: a56b014b7456db24ebd65308b8fd3051,
        type: 3}
      propertyPath: m_LocalEulerAnglesHint.x
      value: 0
      objectReference: {fileID: 0}
    - target: {fileID: 5084820799817033535, guid: a56b014b7456db24ebd65308b8fd3051,
        type: 3}
      propertyPath: m_LocalEulerAnglesHint.y
      value: 0
      objectReference: {fileID: 0}
    - target: {fileID: 5084820799817033535, guid: a56b014b7456db24ebd65308b8fd3051,
        type: 3}
      propertyPath: m_LocalEulerAnglesHint.z
      value: 0
      objectReference: {fileID: 0}
    - target: {fileID: 5084820799932605483, guid: a56b014b7456db24ebd65308b8fd3051,
        type: 3}
      propertyPath: m_IsActive
      value: 1
      objectReference: {fileID: 0}
    - target: {fileID: 5084820799983888137, guid: a56b014b7456db24ebd65308b8fd3051,
        type: 3}
      propertyPath: m_text
      value: /day
      objectReference: {fileID: 0}
    - target: {fileID: 5084820799983888137, guid: a56b014b7456db24ebd65308b8fd3051,
        type: 3}
      propertyPath: m_fontSize
      value: 36
      objectReference: {fileID: 0}
    - target: {fileID: 5084820799983888137, guid: a56b014b7456db24ebd65308b8fd3051,
        type: 3}
      propertyPath: m_fontSizeMin
      value: 36
      objectReference: {fileID: 0}
    - target: {fileID: 5084820799983888137, guid: a56b014b7456db24ebd65308b8fd3051,
        type: 3}
      propertyPath: m_isRightToLeft
      value: 0
      objectReference: {fileID: 0}
    - target: {fileID: 5084820799983888150, guid: a56b014b7456db24ebd65308b8fd3051,
        type: 3}
      propertyPath: m_SizeDelta.x
      value: 101.61
      objectReference: {fileID: 0}
    - target: {fileID: 5084820799983888150, guid: a56b014b7456db24ebd65308b8fd3051,
        type: 3}
      propertyPath: m_SizeDelta.y
      value: 34.555
      objectReference: {fileID: 0}
    - target: {fileID: 5084820799983888150, guid: a56b014b7456db24ebd65308b8fd3051,
        type: 3}
      propertyPath: m_AnchoredPosition.x
      value: -6.811
      objectReference: {fileID: 0}
    - target: {fileID: 5084820799983888150, guid: a56b014b7456db24ebd65308b8fd3051,
        type: 3}
      propertyPath: m_AnchoredPosition.y
      value: -122.363
      objectReference: {fileID: 0}
    - target: {fileID: 5084820800082310173, guid: a56b014b7456db24ebd65308b8fd3051,
        type: 3}
      propertyPath: m_IsActive
      value: 1
      objectReference: {fileID: 0}
    - target: {fileID: 5084820800082310174, guid: a56b014b7456db24ebd65308b8fd3051,
        type: 3}
      propertyPath: m_text
      value: 'Arabian Tower '
      objectReference: {fileID: 0}
    - target: {fileID: 5084820800082310174, guid: a56b014b7456db24ebd65308b8fd3051,
        type: 3}
      propertyPath: m_isRightToLeft
      value: 0
      objectReference: {fileID: 0}
    - target: {fileID: 5084820800322423275, guid: a56b014b7456db24ebd65308b8fd3051,
        type: 3}
      propertyPath: m_IsActive
      value: 1
      objectReference: {fileID: 0}
    - target: {fileID: 5084820800322423277, guid: a56b014b7456db24ebd65308b8fd3051,
        type: 3}
      propertyPath: m_text
      value: Build Burj Al Arab to earn prizes and a unique Trophy!
      objectReference: {fileID: 0}
    - target: {fileID: 5084820800322423277, guid: a56b014b7456db24ebd65308b8fd3051,
        type: 3}
      propertyPath: m_fontSize
      value: 31.3
      objectReference: {fileID: 0}
    - target: {fileID: 5084820800322423277, guid: a56b014b7456db24ebd65308b8fd3051,
        type: 3}
      propertyPath: m_isRightToLeft
      value: 0
      objectReference: {fileID: 0}
    - target: {fileID: 5084820800522381930, guid: a56b014b7456db24ebd65308b8fd3051,
        type: 3}
      propertyPath: m_IsActive
      value: 1
      objectReference: {fileID: 0}
    - target: {fileID: 5084820800570211338, guid: a56b014b7456db24ebd65308b8fd3051,
        type: 3}
      propertyPath: m_IsActive
      value: 1
      objectReference: {fileID: 0}
    - target: {fileID: 5084820800658021713, guid: a56b014b7456db24ebd65308b8fd3051,
        type: 3}
      propertyPath: m_text
      value: Level Required
      objectReference: {fileID: 0}
    - target: {fileID: 5084820800658021713, guid: a56b014b7456db24ebd65308b8fd3051,
        type: 3}
      propertyPath: m_fontSize
      value: 38.85
      objectReference: {fileID: 0}
    - target: {fileID: 5084820800658021713, guid: a56b014b7456db24ebd65308b8fd3051,
        type: 3}
      propertyPath: m_isRightToLeft
      value: 0
      objectReference: {fileID: 0}
    - target: {fileID: 5084820800658021727, guid: a56b014b7456db24ebd65308b8fd3051,
        type: 3}
      propertyPath: m_IsActive
      value: 1
      objectReference: {fileID: 0}
    - target: {fileID: 5084820800707162569, guid: a56b014b7456db24ebd65308b8fd3051,
        type: 3}
      propertyPath: m_RootOrder
      value: 0
      objectReference: {fileID: 0}
    - target: {fileID: 5084820800707162571, guid: a56b014b7456db24ebd65308b8fd3051,
        type: 3}
      propertyPath: m_text
      value: 'Arabian Tower '
      objectReference: {fileID: 0}
    - target: {fileID: 5084820800707162571, guid: a56b014b7456db24ebd65308b8fd3051,
        type: 3}
      propertyPath: m_isRightToLeft
      value: 0
      objectReference: {fileID: 0}
    - target: {fileID: 5084820800707162582, guid: a56b014b7456db24ebd65308b8fd3051,
        type: 3}
      propertyPath: m_IsActive
      value: 1
      objectReference: {fileID: 0}
    - target: {fileID: 5114573088942379894, guid: a56b014b7456db24ebd65308b8fd3051,
        type: 3}
      propertyPath: m_IsActive
      value: 1
      objectReference: {fileID: 0}
    - target: {fileID: 5437157081210415643, guid: a56b014b7456db24ebd65308b8fd3051,
        type: 3}
      propertyPath: m_IsActive
      value: 1
      objectReference: {fileID: 0}
    - target: {fileID: 5512204503684484824, guid: a56b014b7456db24ebd65308b8fd3051,
        type: 3}
      propertyPath: m_IsActive
      value: 1
      objectReference: {fileID: 0}
    - target: {fileID: 5512204504483400685, guid: a56b014b7456db24ebd65308b8fd3051,
        type: 3}
      propertyPath: m_text
      value: Starts in
      objectReference: {fileID: 0}
    - target: {fileID: 5512204504483400685, guid: a56b014b7456db24ebd65308b8fd3051,
        type: 3}
      propertyPath: m_fontSize
      value: 45
      objectReference: {fileID: 0}
    - target: {fileID: 5512204504483400685, guid: a56b014b7456db24ebd65308b8fd3051,
        type: 3}
      propertyPath: m_fontSizeMin
      value: 45
      objectReference: {fileID: 0}
    - target: {fileID: 5512204504483400685, guid: a56b014b7456db24ebd65308b8fd3051,
        type: 3}
      propertyPath: m_isRightToLeft
      value: 0
      objectReference: {fileID: 0}
    - target: {fileID: 5512204504483400685, guid: a56b014b7456db24ebd65308b8fd3051,
        type: 3}
      propertyPath: m_VerticalAlignment
      value: 512
      objectReference: {fileID: 0}
    - target: {fileID: 5512204504483400685, guid: a56b014b7456db24ebd65308b8fd3051,
        type: 3}
      propertyPath: m_HorizontalAlignment
      value: 2
      objectReference: {fileID: 0}
    - target: {fileID: 5512204504483400687, guid: a56b014b7456db24ebd65308b8fd3051,
        type: 3}
      propertyPath: m_IsActive
      value: 1
      objectReference: {fileID: 0}
    - target: {fileID: 7079355953477222819, guid: a56b014b7456db24ebd65308b8fd3051,
        type: 3}
      propertyPath: m_IsActive
      value: 0
      objectReference: {fileID: 0}
    m_RemovedComponents:
    - {fileID: 5084820799531302569, guid: a56b014b7456db24ebd65308b8fd3051, type: 3}
  m_SourcePrefab: {fileID: 100100000, guid: a56b014b7456db24ebd65308b8fd3051, type: 3}
--- !u!224 &4519895519054199774 stripped
RectTransform:
  m_CorrespondingSourceObject: {fileID: 5084820799817033535, guid: a56b014b7456db24ebd65308b8fd3051,
    type: 3}
  m_PrefabInstance: {fileID: 8658465594238459105}
  m_PrefabAsset: {fileID: 0}
--- !u!95 &4519895519054199775 stripped
Animator:
  m_CorrespondingSourceObject: {fileID: 5084820799817033534, guid: a56b014b7456db24ebd65308b8fd3051,
    type: 3}
  m_PrefabInstance: {fileID: 8658465594238459105}
  m_PrefabAsset: {fileID: 0}
--- !u!1 &4519895518799341820 stripped
GameObject:
  m_CorrespondingSourceObject: {fileID: 5084820800082310173, guid: a56b014b7456db24ebd65308b8fd3051,
    type: 3}
  m_PrefabInstance: {fileID: 8658465594238459105}
  m_PrefabAsset: {fileID: 0}
--- !u!1 &4519895517756887189 stripped
GameObject:
  m_CorrespondingSourceObject: {fileID: 5084820801052593268, guid: a56b014b7456db24ebd65308b8fd3051,
    type: 3}
  m_PrefabInstance: {fileID: 8658465594238459105}
  m_PrefabAsset: {fileID: 0}
--- !u!1 &4519895518065503543 stripped
GameObject:
  m_CorrespondingSourceObject: {fileID: 5084820800707162582, guid: a56b014b7456db24ebd65308b8fd3051,
    type: 3}
  m_PrefabInstance: {fileID: 8658465594238459105}
  m_PrefabAsset: {fileID: 0}
--- !u!1 &4519895518818139126 stripped
GameObject:
  m_CorrespondingSourceObject: {fileID: 5084820799983888151, guid: a56b014b7456db24ebd65308b8fd3051,
    type: 3}
  m_PrefabInstance: {fileID: 8658465594238459105}
  m_PrefabAsset: {fileID: 0}
--- !u!1 &3771276915813559418 stripped
GameObject:
  m_CorrespondingSourceObject: {fileID: 5512204505241153691, guid: a56b014b7456db24ebd65308b8fd3051,
    type: 3}
  m_PrefabInstance: {fileID: 8658465594238459105}
  m_PrefabAsset: {fileID: 0}
--- !u!114 &3771276916404408895 stripped
MonoBehaviour:
  m_CorrespondingSourceObject: {fileID: 5512204503684484830, guid: a56b014b7456db24ebd65308b8fd3051,
    type: 3}
  m_PrefabInstance: {fileID: 8658465594238459105}
  m_PrefabAsset: {fileID: 0}
  m_GameObject: {fileID: 0}
  m_Enabled: 1
  m_EditorHideFlags: 0
  m_Script: {fileID: 11500000, guid: f4688fdb7df04437aeb418b961361dc5, type: 3}
  m_Name: 
  m_EditorClassIdentifier: 
--- !u!1 &4519895517412070666 stripped
GameObject:
  m_CorrespondingSourceObject: {fileID: 5084820800322423275, guid: a56b014b7456db24ebd65308b8fd3051,
    type: 3}
  m_PrefabInstance: {fileID: 8658465594238459105}
  m_PrefabAsset: {fileID: 0}
--- !u!1 &4519895517123535083 stripped
GameObject:
  m_CorrespondingSourceObject: {fileID: 5084820800570211338, guid: a56b014b7456db24ebd65308b8fd3051,
    type: 3}
  m_PrefabInstance: {fileID: 8658465594238459105}
  m_PrefabAsset: {fileID: 0}
--- !u!1 &4519895518150345150 stripped
GameObject:
  m_CorrespondingSourceObject: {fileID: 5084820800658021727, guid: a56b014b7456db24ebd65308b8fd3051,
    type: 3}
  m_PrefabInstance: {fileID: 8658465594238459105}
  m_PrefabAsset: {fileID: 0}
--- !u!114 &1274188987306585496 stripped
MonoBehaviour:
  m_CorrespondingSourceObject: {fileID: 7604284777698029945, guid: a56b014b7456db24ebd65308b8fd3051,
    type: 3}
  m_PrefabInstance: {fileID: 8658465594238459105}
  m_PrefabAsset: {fileID: 0}
  m_GameObject: {fileID: 0}
  m_Enabled: 1
  m_EditorHideFlags: 0
  m_Script: {fileID: 11500000, guid: f4688fdb7df04437aeb418b961361dc5, type: 3}
  m_Name: 
  m_EditorClassIdentifier: 
--- !u!114 &8880377536289977205 stripped
MonoBehaviour:
  m_CorrespondingSourceObject: {fileID: 221939467020824468, guid: a56b014b7456db24ebd65308b8fd3051,
    type: 3}
  m_PrefabInstance: {fileID: 8658465594238459105}
  m_PrefabAsset: {fileID: 0}
  m_GameObject: {fileID: 0}
  m_Enabled: 1
  m_EditorHideFlags: 0
  m_Script: {fileID: 11500000, guid: 4e29b1a8efbd4b44bb3f3716e73f07ff, type: 3}
  m_Name: 
  m_EditorClassIdentifier: 
--- !u!1 &1880217857909382466 stripped
GameObject:
  m_CorrespondingSourceObject: {fileID: 7079355953477222819, guid: a56b014b7456db24ebd65308b8fd3051,
    type: 3}
  m_PrefabInstance: {fileID: 8658465594238459105}
  m_PrefabAsset: {fileID: 0}
